2750 4592
190 295 271 367 ‘270
444 367 447 378 s
566 295 873 359 ,esurimus

169 454 321 521 anum?
349 455 463 517 uenum
481 439 505 516 'e
525 457 637 537 ts‚-qui
656 476 716 515 non
735 417 1122 538 defendentum-neque
1141 456 1312 537 proponas

204 577 272 618 eum
291 562 395 637 potest
415 557 518 615 iniuste
537 555 611 629 feeit,
633 560 667 612 ut
684 555 715 612 iu
734 556 828 634 primo
847 554 920 615 libro
939 553 1069 617 disserui:
1091 547 1180 635 qitulis
1194 553 1313 616 haben·

202 653 259 715 dns
278 661 323 714 est
341 657 377 730 is‚·
395 654 445 733 qui
464 673 524 712 nou
544 652 632 712 modo
652 672 712 710 non
731 653 840 732 repellit
858 654 909 713 sed
922 655 1007 713 etiam
1020 653 1136 713 adiuvat
1147 653 1313 712 misniam?

166 749 275 812 attilii
298 751 416 832 quidem
440 753 525 812 etiam
549 770 634 810 verae
660 750 830 812 hereditates
854 770 914 811 non
940 751 1078 811 honestae
1102 751 1251 828 videntur,
1283 752 1312 811 si

203 857 272 912 snut
290 851 436 911 malitiosis
457 849 611 924 blanditiis,
638 847 800 909 officiorum
824 870 884 909 non
903 852 1021 909 veritate
1040 849 1091 909 sed
1110 849 1309 926 simulatione,

165 935 185 1010 ll
203 950 356 1030 quaesitae
395 947 483 1028 Atqui
503 949 532 1006 in
551 944 655 1004 talibus
675 944 761 1005 rebus
783 948 858 1006 aliud
878 950 946 1010 utile
964 948 1122 1024 interdum,
1139 948 1224 1008 aliud
1250 947 1308 1008 he·

147 1050 186 1111 10
203 1054 318 1108 nestum
336 1047 424 1106 videri
444 1045 525 1104 solet
557 1043 649 1102 Falso.
687 1042 764 1103 Nam
778 1045 884 1122 'eadem
903 1046 1028 1105 utilitatis
1048 1066 1123 1125 quae
1142 1046 1306 1105 honestatis
1320 1049 1347 1105 'li

203 1152 247 1206 est
266 1146 371 1226 regula
412 1141 473 1221 Qui
497 1140 554 1201 hoe
570 1160 639 1199 'nou
663 1142 828 1222 perviderit,
859 1141 895 1202 ab
920 1143 977 1205 hoe
1002 1144 1080 1203 nulla
1103 1145 1181 1203 fraus
1200 1143 1306 1220 aber-it

147 1241 449 1312 11nullum¹saeinue
489 1238 544 1298 Sie
557 1238 634 1297 enim
656 1241 796 1320 cogitans,
817 1245 865 1300 est
886 1240 968 1302 istnc
989 1240 1108 1320 quidem
1128 1240 1304 1319 honestum

201 1356 308 1400 verum
326 1336 387 1398 loe
406 1336 549 1416 expedit,
570 1356 616 1396 res
637 1356 654 1396 a
673 1344 776 1397 natura
796 1339 943 1419 copulatas
964 1337 1078 1399 audebit
1095 1359 1195 1399 errore
1213 1340 1304 1401 divel-

200 1438 275 1512 tere
296 1436 347 1516 qui
365 1438 430 1496 fons
450 1421 495 1495 est
512 1434 665 1512 fraudium,
684 1433 900 1513 maleficiorum,
919 1436 1060 1497 scelerum
1080 1438 1218 1497 omnium.

622 1638 771 1699 CAPUT
796 1639 882 1700 XIX.

153 1801 182 1879 x1
199 1773 311 1900 ltaque
331 1819 354 1877 si
373 1811 532 1906 rir'bonus
551 1815 655 1877 habeat
674 1818 840 1895 benevim,
864 1824 910 1894 ut,
936 1819 959 1876 si
979 1818 1069 1898 digitis
1089 1821 1299 1898 uouerepuerit,

199 1916 291 1999 possit
310 1917 340 1976 iu
359 1915 544 1997 locupletium
563 1921 732 1975 testamenta
752 1935 858 1976 nomen
877 1918 937 1976 eius
957 1918 1089 1998 irrepere,
1112 1916 1167 1976 hae
1187 1918 1217 1975 vi
1236 1939 1300 1978 non

199 2020 311 2090 utatur,
340 2033 378 2073 ne
402 2014 427 2072 si
450 2014 631 2094 exploratum
657 2013 772 2092 quidem
796 2013 916 2092 habeat,
945 2015 976 2074 id
1006 2016 1122 2074 omnino
1139 2018 1300 2077 neminem

163 2106 182 2168 2
199 2131 338 2191 umquam
358 2113 575 2191 suspicaturum
615 2109 654 2170 At
673 2110 757 2171 dares
776 2111 852 2173 hane
870 2111 929 2172 vim
950 2112 989 2172 M.
1009 2111 1123 2188 Crasso,
1143 2119 1178 2200 ut
1197 2112 1298 2194 digito-

199 2231 266 2270 rum
284 2210 468 2290 percussione
487 2209 570 2268 heres
590 2215 690 2288 posset
708 2210 831 2290 scriptus
851 2231 922 2288 esse,
944 2212 992 2292 qui
1011 2232 1043 2271 re
1063 2230 1132 2271 vera
1146 2231 1207 2270 non
1220 2218 1295 2273 esset

198 2411 265 2461 non,
284 2403 317 2449 at
335 2401 372 2459 te,
390 2402 423 2448 ut
434 2392 574 2461 Basilum,
593 2386 665 2449 ei'et
677 2411 732 2449 ar·
759 2398 847 2469 Bezug
862 2398 1086 2469 auidastotgeude
1105 2394 1217 2468 repellit
1234 2402 1289 2453 und

197 2465 261 2531 mis,
281 2474 310 2520 et
327 2464 401 2520 alios
416 2466 506 2520 nestri
518 2463 640 2532 similes,
659 2482 732 2537 quos
757 2468 876 2523 adiuvat
898 2471 1085 2540 hinzugesetzt‚
1121 2487 1150 2523 so
1168 2472 1223 2523 dass
1240 2472 1286 2521 dte

197 2535 313 2593 clientes
331 2553 412 2592 nemo
431 2535 534 2591 dolere
551 2535 635 2604 velit,
671 2553 729 2591 non
758 2540 917 2611 Gegensatze
944 2539 1069 2610 defendit
1090 2543 1143 2594 und
1166 2535 1284 2594 ndinmt

195 2609 279 2663 modo
296 2607 411 2663 illorum
428 2607 515 2663 eliens
535 2622 608 2663 esse.
650 2610 728 2663 Diese
755 2628 788 2664 an
810 2615 859 2665 den
886 2613 977 2665 beiden
1001 2614 1104 2677 Endeir,
1130 2609 1285 2681 propulsat

196 2684 276 2737 Stella
303 2684 399 2736 erkltrt
426 2683 491 2735 auch
523 2683 568 2735 das
596 2683 727 2752 Fulgeude
753 2684 805 2735 und
824 2680 936 2753 repellit
956 2686 982 2736 in
1006 2685 1053 2735 der
1070 2686 1140 2737 Mitte
1164 2686 1209 2737 der
1226 2685 1283 2735 Po-

195 2755 248 2806 und
265 2755 417 2807 namentlich
433 2755 483 2805 den
496 2752 601 2806 Ausrut:
620 2749 641 2805 0
660 2759 727 2805 tur·
752 2756 823 2807 riode
859 2755 911 2809 sich
948 2757 1068 2808 einander
1104 2756 1284 2823 entsprecheu.

194 2822 442 2894 pem--illoraml
478 2825 611 2877 Vielleieht
618 2827 649 2876 ist
668 2826 726 2878 die·
752 2826 854 2879 Anders
871 2830 902 2879 ist
920 2843 948 2879 es
966 2829 991 2879 in
1009 2825 1056 2879 der
1073 2827 1190 2879 vonGic.·
1204 2828 1286 2879 selbst

196 2912 240 2948 ser
266 2899 361 2949 Satrius
389 2898 454 2949 auch
480 2897 596 2948 demelbe
616 2896 726 2961 Basilus,
753 2899 904 2951 erwahuten
928 2899 1005 2951 Stelle
1028 2898 1055 2964 1,
1073 2897 1100 2962 7,
1117 2894 1149 2964 8,
1167 2914 1211 2950 wo
1229 2896 1286 2950 de-

196 2967 312 3021 weleher
338 2969 374 3020 als
401 2969 508 3020 Caesare
537 2969 616 3019 Leuat
635 2968 675 3031 (B.
695 2968 725 3022 G.
750 2964 843 3034 [eadit
861 2972 906 3022 das
923 2970 1070 3043 Abwehren
1089 2971 1133 3021 des
1150 2969 1288 3038 Herennia,

195 3038 241 3102 Vl,
257 3036 293 3091 29
326 3040 443 3091 erwahnt
455 3012 725 3107 wird—l'rineipes
753 3036 868 3094 adsistit
886 3042 1101 3094 dequderstaud
1116 3051 1202 3111 gagen
1220 3042 1285 3093 das-

181 3106 286 3175 ¹‘ct'as'sJ
306 3111 339 3164 So
358 3110 536 3162 alleHdschrr.
554 3126 642 3162 ausser
650 3110 725 3163 Bem.
752 3113 823 3164 selbe
840 3113 997 3164 bezeichnet„

196 3196 229 3246 e,
246 3182 362 3234 welches
379 3178 456 3233 cives
475 3181 525 3232 hat.
560 3181 640 3233 Beide
657 3183 724 3234 For-
807 3183 848 3236 11.
867 3180 960 3248 t'slnc]
972 3185 988 3235 ἰ.
1000 3200 1023 3252 q.
1040 3184 1116 3250 istud
1133 3184 1159 3234 id
1172 3184 1241 3252 quod
1255 3193 1284 3237 tu

194 3269 255 3322 men
276 3254 390 3305 konnteu
413 3253 453 3304 fur
475 3253 526 3304 den
547 3252 639 3305 Aecus.
665 3255 724 3322 gel·
751 3255 811 3307 dicis
842 3256 992 3308 iaciendum.
1045 3253 1084 3306 lle
1112 3255 1194 3307 torma
1219 3257 1281 3309 vide

193 3333 251 3390 ten,
279 3325 312 3376 da
326 3322 462 3394 princeps
482 3320 554 3376 dois
572 3324 637 3375 auch
655 3334 724 3377 sonst
751 3326 859 3378 Gramm.
878 3329 896 3390 ᾗ
917 3321 967 3378 132
986 3327 1105 3393 Zumpt.

193 3412 244 3447 von
272 3395 325 3448 cie.
348 3406 438 3464 gesagt
460 3396 525 3447 wird
557 3394 601 3460 (N.
626 3395 656 3446 D.
676 3396 722 3461 ΙΙΙ,
784 3396 867 3450 CAP.
880 3398 944 3450 XIX.
966 3395 989 3451 1.
1008 3392 1216 3462 ate-ltabealJ
1225 3398 1281 3450 Ue-

195 3463 240 3531 67,
260 3464 330 3519 168.’
355 3468 423 3520 Brut.
441 3464 486 3532 20,
503 3463 565 3532 80);
602 3465 664 3517 aber
680 3466 722 3519 ich
747 3467 795 3521 ber
812 3469 853 3521 die
868 3470 983 3538 Stellung
999 3485 1050 3522 von
1067 3481 1103 3520 ne
1114 3495 1152 3506 -
1169 3464 1281 3537 quidem

193 3537 337 3590 alsteden
356 3539 437 3590 (lenit.
456 3554 515 3602 vor,
552 3539 584 3590 da
603 3538 647 3589 das
665 3537 722 3590 Un-
748 3555 781 3590 zu
804 3542 887 3592 einem
905 3539 1117 3608 hypothelischen
1136 3540 1213 3596 sine
1230 3540 1279 3610 vgl.

193 3608 266 3661 recht
283 3610 354 3661 mehr
371 3611 531 3675 hervordia,
548 3609 610 3661 weil
629 3624 657 3659 es
675 3609 721 3660 das
751 3607 794 3677 10,
813 3608 854 3663 to.
1188 3607 1192 3616 “

192 3679 338 3749 Vermogen
360 3683 430 3733 eines
451 3679 594 3749 Burgers
617 3679 724 3736 bestiti.
802 3678 826 3735 2.
846 3678 884 3735 Al
899 3680 1014 3748 'duresJ
1031 3682 1117 3735 Ueber
1131 3684 1173 3736 die
1186 3683 1282 3751 Ellipse

244 3748 271 3803 7.
286 3748 346 3804 non
363 3748 488 3821 defendit
502 3778 538 3811 ‚-
553 3746 724 3820 propulsat]
749 3753 796 3806 der
812 3753 990 3823 bedingenden
1015 3751 1180 3821 &spector
1204 3769 1225 3808 s.
1249 3754 1282 3807 Ζ.

190 3818 344 3887 propalant
365 3826 398 3875 ist
420 3837 469 3874 nur
493 3823 551 3873 etue
569 3821 722 3891 Steigerung
749 3826 777 3887 §.
794 3821 855 3877 801.
874 3851 910 3864 ·-
932 3822 1019 3877 dores
1046 3826 1157 3891 „hittost
1175 3826 1208 3878 du
1225 3840 1278 3894 ge-

192 3903 244 3941 vou
271 3889 395 3957 defendit
420 3893 473 3944 und
500 3891 569 3945 wohl
596 3910 644 3944 nur
674 3893 722 3945 der
747 3894 850 3965 geben“
867 3896 932 3948 nach
955 3897 1001 3948 der
1018 3895 1137 3948 ttblichen
1153 3896 1278 3965 Enallrge

145 4019 152 4028 ,
191 3956 365 4015 rhetorischeu
383 3963 536 4031 symmetrie
557 3979 653 4032 wegen
675 3964 722 4019 nit
748 3967 900 4036 temporum
926 3968 953 4022 in
984 3968 1035 4021 den
1064 3967 1278 4037 typothetarum
