<?xml version="1.0" encoding="UTF-8"?>
<!DOCTYPE html PUBLIC "-//W3C//DTD XHTML 1.0 Transitional//EN"
    "http://www.w3.org/TR/xhtml1/DTD/xhtml1-transitional.dtd">
<html xmlns="http://www.w3.org/1999/xhtml" xml:lang="en" lang="en">
 <head>
  <title>
</title>
<meta http-equiv="Content-Type" content="text/html;charset=utf-8" />
  <meta name='ocr-system' content='tesseract 3.04.00' />
  <meta name='ocr-capabilities' content='ocr_page ocr_carea ocr_par ocr_line ocrx_word'/>
</head>
<body>
  <div class='ocr_page' id='page_1' title='image "./mtulliciceronis00bonngoog_0143.png"; bbox 0 0 2750 4592; ppageno 0'>
   <div class='ocr_carea' id='block_1_1' title="bbox 461 315 1179 422">
    <p class='ocr_par' dir='ltr' id='par_1_1' title="bbox 461 315 1179 422">
     <span class='ocr_line' id='line_1_1' title="bbox 461 315 1179 422; baseline 0.029 -46"><span class='ocrx_word' id='word_1_1' title='bbox 461 387 470 402; x_wconf 19' lang='lat'>3</span> <span class='ocrx_word' id='word_1_2' title='bbox 517 315 586 378; x_wconf 74' lang='lat' dir='ltr'><strong>ire</strong></span> <span class='ocrx_word' id='word_1_3' title='bbox 602 328 623 379; x_wconf 88' lang='lat'><strong>1.</strong></span> <span class='ocrx_word' id='word_1_4' title='bbox 642 325 725 381; x_wconf 78' lang='lat' dir='ltr'><strong>cnr.</strong></span> <span class='ocrx_word' id='word_1_5' title='bbox 741 327 792 379; x_wconf 79' lang='grc' dir='ltr'>ιιι.</span> <span class='ocrx_word' id='word_1_6' title='bbox 1041 409 1045 422; x_wconf 28' lang='grc' dir='ltr'>Ι</span> <span class='ocrx_word' id='word_1_7' title='bbox 1116 329 1179 398; x_wconf 77' lang='grc'><strong>129</strong></span> 
     </span>
    </p>
   </div>
   <div class='ocr_carea' id='block_1_2' title="bbox 88 469 1196 743">
    <p class='ocr_par' dir='ltr' id='par_1_2' title="bbox 88 469 1196 743">
     <span class='ocr_line' id='line_1_2' title="bbox 89 469 1196 567; baseline 0 -20"><span class='ocrx_word' id='word_1_8' title='bbox 89 507 156 546; x_wconf 90' lang='lat' dir='ltr'><strong>rum</strong></span> <span class='ocrx_word' id='word_1_9' title='bbox 176 487 290 567; x_wconf 84' lang='lat' dir='ltr'><strong>quidem</strong></span> <span class='ocrx_word' id='word_1_10' title='bbox 309 493 385 545; x_wconf 83' lang='lat' dir='ltr'><strong>certe</strong></span> <span class='ocrx_word' id='word_1_11' title='bbox 404 492 448 544; x_wconf 84' lang='lat' dir='ltr'><strong>est</strong></span> <span class='ocrx_word' id='word_1_12' title='bbox 469 483 643 544; x_wconf 88' lang='lat' dir='ltr'><strong>adhibendus</strong></span> <span class='ocrx_word' id='word_1_13' title='bbox 662 485 766 542; x_wconf 88' lang='lat' dir='ltr'><strong>modus</strong></span> <span class='ocrx_word' id='word_1_14' title='bbox 787 486 823 545; x_wconf 89' lang='lat' dir='ltr'><strong>ad</strong></span> <span class='ocrx_word' id='word_1_15' title='bbox 835 469 1121 567; x_wconf 54' lang='lat' dir='ltr'><strong>⁵mediocritatemque</strong></span> <span class='ocrx_word' id='word_1_16' title='bbox 1140 507 1196 558; x_wconf 49' lang='lat' dir='ltr'><strong>res</strong></span> 
     </span>
     <span class='ocr_line' id='line_1_3' title="bbox 88 583 1181 686; baseline 0.004 -43"><span class='ocrx_word' id='word_1_17' title='bbox 88 587 243 646; x_wconf 77' lang='lat' dir='ltr'><strong>vocandus.</strong></span> <span class='ocrx_word' id='word_1_18' title='bbox 287 584 453 686; x_wconf 73' lang='lat' dir='ltr'><strong>Eademque</strong></span> <span class='ocrx_word' id='word_1_19' title='bbox 473 584 650 643; x_wconf 86' lang='lat' dir='ltr'><strong>mediocritas</strong></span> <span class='ocrx_word' id='word_1_20' title='bbox 684 583 721 641; x_wconf 90' lang='lat' dir='ltr'><strong>ad</strong></span> <span class='ocrx_word' id='word_1_21' title='bbox 749 587 866 643; x_wconf 83' lang='lat' dir='ltr'><strong>omnem</strong></span> <span class='ocrx_word' id='word_1_22' title='bbox 898 601 984 642; x_wconf 86' lang='lat' dir='ltr'><strong>usum</strong></span> <span class='ocrx_word' id='word_1_23' title='bbox 1016 587 1181 667; x_wconf 79' lang='lat' dir='ltr'><strong>cultumque</strong></span> 
     </span>
     <span class='ocr_line' id='line_1_4' title="bbox 89 681 787 743; baseline -0.004 -1"><span class='ocrx_word' id='word_1_24' title='bbox 89 685 164 743; x_wconf 84' lang='lat' dir='ltr'><strong>vitae</strong></span> <span class='ocrx_word' id='word_1_25' title='bbox 182 684 376 743; x_wconf 89' lang='lat' dir='ltr'><strong>transferenda</strong></span> <span class='ocrx_word' id='word_1_26' title='bbox 396 690 446 743; x_wconf 82' lang='lat' dir='ltr'><strong>est</strong></span> <span class='ocrx_word' id='word_1_27' title='bbox 473 682 622 743; x_wconf 80' lang='lat' dir='ltr'><strong>Sed‘haee</strong></span> <span class='ocrx_word' id='word_1_28' title='bbox 642 681 787 741; x_wconf 84' lang='lat' dir='ltr'><strong>haetenus.</strong></span> 
     </span>
    </p>
   </div>
   <div class='ocr_carea' id='block_1_3' title="bbox 20 785 1241 1657">
    <p class='ocr_par' dir='ltr' id='par_1_3' title="bbox 20 785 1241 1657">
     <span class='ocr_line' id='line_1_5' title="bbox 20 785 1241 871; baseline -0.002 -23"><span class='ocrx_word' id='word_1_29' title='bbox 20 807 71 862; x_wconf 81' lang='grc'><strong>111</strong></span> <span class='ocrx_word' id='word_1_30' title='bbox 167 789 202 849; x_wconf 91' lang='lat' dir='ltr'><strong>ln</strong></span> <span class='ocrx_word' id='word_1_31' title='bbox 228 792 306 850; x_wconf 89' lang='lat' dir='ltr'><strong>omni</strong></span> <span class='ocrx_word' id='word_1_32' title='bbox 331 796 427 850; x_wconf 89' lang='lat' dir='ltr'><strong>autem</strong></span> <span class='ocrx_word' id='word_1_33' title='bbox 452 791 562 850; x_wconf 84' lang='lat' dir='ltr'><strong>actione</strong></span> <span class='ocrx_word' id='word_1_34' title='bbox 587 789 765 870; x_wconf 83' lang='lat' dir='ltr'><strong>suscipienda</strong></span> <span class='ocrx_word' id='word_1_35' title='bbox 789 789 843 847; x_wconf 87' lang='lat' dir='ltr'><strong>tria</strong></span> <span class='ocrx_word' id='word_1_36' title='bbox 868 795 935 848; x_wconf 86' lang='lat' dir='ltr'><strong>sunt</strong></span> <span class='ocrx_word' id='word_1_37' title='bbox 958 790 1093 866; x_wconf 75' lang='lat' dir='ltr'><strong>tenenda:</strong></span> <span class='ocrx_word' id='word_1_38' title='bbox 1124 792 1181 871; x_wconf 91' lang='lat' dir='ltr'><strong>pri·</strong></span> <span class='ocrx_word' id='word_1_39' title='bbox 1203 785 1241 848; x_wconf 89' lang='grc'><strong>10</strong></span> 
     </span>
     <span class='ocr_line' id='line_1_6' title="bbox 87 879 1180 969; baseline 0.001 -23"><span class='ocrx_word' id='word_1_40' title='bbox 87 908 178 964; x_wconf 84' lang='lat' dir='ltr'><strong>mum,</strong></span> <span class='ocrx_word' id='word_1_41' title='bbox 198 895 230 948; x_wconf 88' lang='lat' dir='ltr'><strong>ut</strong></span> <span class='ocrx_word' id='word_1_42' title='bbox 251 889 393 969; x_wconf 89' lang='lat' dir='ltr'><strong>appetitus</strong></span> <span class='ocrx_word' id='word_1_43' title='bbox 412 890 515 947; x_wconf 87' lang='lat' dir='ltr'><strong>rationi</strong></span> <span class='ocrx_word' id='word_1_44' title='bbox 534 895 645 968; x_wconf 76' lang='lat' dir='ltr'><strong>pareat,</strong></span> <span class='ocrx_word' id='word_1_45' title='bbox 665 907 724 968; x_wconf 84' lang='lat' dir='ltr'><strong>quo</strong></span> <span class='ocrx_word' id='word_1_46' title='bbox 745 886 814 945; x_wconf 89' lang='lat' dir='ltr'><strong>nihil</strong></span> <span class='ocrx_word' id='word_1_47' title='bbox 834 893 877 945; x_wconf 88' lang='lat' dir='ltr'><strong>est</strong></span> <span class='ocrx_word' id='word_1_48' title='bbox 897 885 934 946; x_wconf 85' lang='lat' dir='ltr'><strong>ad</strong></span> <span class='ocrx_word' id='word_1_49' title='bbox 954 885 1048 947; x_wconf 83' lang='lat' dir='ltr'><strong>officia</strong></span> <span class='ocrx_word' id='word_1_50' title='bbox 1069 879 1180 949; x_wconf 86' lang='lat' dir='ltr'><strong>conser-</strong></span> 
     </span>
     <span class='ocr_line' id='line_1_7' title="bbox 86 979 1179 1065; baseline 0.004 -22"><span class='ocrx_word' id='word_1_51' title='bbox 86 986 184 1044; x_wconf 81' lang='lat' dir='ltr'><strong>vanda</strong></span> <span class='ocrx_word' id='word_1_52' title='bbox 204 986 460 1061; x_wconf 77' lang='lat' dir='ltr'><strong>aeeommodatius3</strong></span> <span class='ocrx_word' id='word_1_53' title='bbox 481 986 594 1062; x_wconf 83' lang='lat' dir='ltr'><strong>deinde,</strong></span> <span class='ocrx_word' id='word_1_54' title='bbox 614 992 646 1044; x_wconf 87' lang='lat' dir='ltr'><strong>ut</strong></span> <span class='ocrx_word' id='word_1_55' title='bbox 666 979 920 1060; x_wconf 69' lang='lat' dir='ltr'><strong>animadvertaturJ,</strong></span> <span class='ocrx_word' id='word_1_56' title='bbox 941 991 1048 1065; x_wconf 88' lang='lat' dir='ltr'><strong>quanta</strong></span> <span class='ocrx_word' id='word_1_57' title='bbox 1068 986 1115 1045; x_wconf 89' lang='lat' dir='ltr'><strong>illa</strong></span> <span class='ocrx_word' id='word_1_58' title='bbox 1133 1008 1179 1047; x_wconf 90' lang='lat' dir='ltr'><strong>res</strong></span> 
     </span>
     <span class='ocr_line' id='line_1_8' title="bbox 87 1083 1180 1165; baseline 0.004 -24"><span class='ocrx_word' id='word_1_59' title='bbox 87 1084 134 1158; x_wconf 70' lang='lat' dir='ltr'><strong>sit,</strong></span> <span class='ocrx_word' id='word_1_60' title='bbox 154 1104 242 1163; x_wconf 91' lang='lat' dir='ltr'><strong>quam</strong></span> <span class='ocrx_word' id='word_1_61' title='bbox 261 1085 373 1145; x_wconf 86' lang='lat' dir='ltr'><strong>effioere</strong></span> <span class='ocrx_word' id='word_1_62' title='bbox 382 1088 510 1163; x_wconf 72' lang='lat' dir='ltr'><strong>velimus,</strong></span> <span class='ocrx_word' id='word_1_63' title='bbox 530 1093 561 1145; x_wconf 90' lang='lat' dir='ltr'><strong>ut</strong></span> <span class='ocrx_word' id='word_1_64' title='bbox 581 1105 653 1144; x_wconf 88' lang='lat' dir='ltr'><strong>neve</strong></span> <span class='ocrx_word' id='word_1_65' title='bbox 671 1085 763 1149; x_wconf 73' lang='lat' dir='ltr'><strong>maior</strong></span> <span class='ocrx_word' id='word_1_66' title='bbox 776 1104 848 1164; x_wconf 83' lang='lat' dir='ltr'><strong>neve</strong></span> <span class='ocrx_word' id='word_1_67' title='bbox 862 1083 956 1142; x_wconf 87' lang='lat' dir='ltr'><strong>minor</strong></span> <span class='ocrx_word' id='word_1_68' title='bbox 969 1104 1037 1143; x_wconf 86' lang='lat' dir='ltr'><strong>eura</strong></span> <span class='ocrx_word' id='word_1_69' title='bbox 1050 1091 1078 1143; x_wconf 90' lang='lat' dir='ltr'><strong>et</strong></span> <span class='ocrx_word' id='word_1_70' title='bbox 1092 1105 1180 1165; x_wconf 89' lang='lat' dir='ltr'><strong>opera</strong></span> 
     </span>
     <span class='ocr_line' id='line_1_9' title="bbox 88 1182 1180 1265; baseline 0.004 -27"><span class='ocrx_word' id='word_1_71' title='bbox 88 1182 271 1261; x_wconf 70' lang='lat' dir='ltr'>suscipiatur,</span> <span class='ocrx_word' id='word_1_72' title='bbox 292 1204 379 1263; x_wconf 89' lang='lat' dir='ltr'><strong>quam</strong></span> <span class='ocrx_word' id='word_1_73' title='bbox 399 1204 485 1244; x_wconf 86' lang='lat' dir='ltr'><strong>eausa</strong></span> <span class='ocrx_word' id='word_1_74' title='bbox 504 1184 644 1265; x_wconf 78' lang='lat' dir='ltr'><strong>postulet3</strong></span> <span class='ocrx_word' id='word_1_75' title='bbox 674 1184 866 1258; x_wconf 68' lang='lat' dir='ltr'><strong>tertiumsi,</strong></span> <span class='ocrx_word' id='word_1_76' title='bbox 897 1188 1116 1259; x_wconf 69' lang='lat' dir='ltr'><strong>moereamus,</strong></span> <span class='ocrx_word' id='word_1_77' title='bbox 1147 1189 1180 1242; x_wconf 88' lang='lat' dir='ltr'><strong>ut</strong></span> 
     </span>
     <span class='ocr_line' id='line_1_10' title="bbox 87 1273 1178 1362; baseline 0.003 -25"><span class='ocrx_word' id='word_1_78' title='bbox 87 1298 136 1353; x_wconf 85' lang='lat' dir='ltr'><strong>ea,</strong></span> <span class='ocrx_word' id='word_1_79' title='bbox 157 1299 231 1358; x_wconf 88' lang='lat' dir='ltr'><strong>quae</strong></span> <span class='ocrx_word' id='word_1_80' title='bbox 254 1284 396 1360; x_wconf 89' lang='lat' dir='ltr'><strong>pertinent</strong></span> <span class='ocrx_word' id='word_1_81' title='bbox 421 1283 457 1362; x_wconf 87' lang='lat' dir='ltr'><strong>ad</strong></span> <span class='ocrx_word' id='word_1_82' title='bbox 481 1281 624 1344; x_wconf 89' lang='lat' dir='ltr'><strong>liberalem</strong></span> <span class='ocrx_word' id='word_1_83' title='bbox 645 1282 767 1361; x_wconf 89' lang='lat' dir='ltr'><strong>speeiem</strong></span> <span class='ocrx_word' id='word_1_84' title='bbox 787 1286 816 1338; x_wconf 87' lang='lat' dir='ltr'><strong>et</strong></span> <span class='ocrx_word' id='word_1_85' title='bbox 835 1273 1012 1359; x_wconf 80' lang='lat' dir='ltr'><strong>dignitatem,</strong></span> <span class='ocrx_word' id='word_1_86' title='bbox 1031 1280 1178 1340; x_wconf 86' lang='lat' dir='ltr'><strong>moderata</strong></span> 
     </span>
     <span class='ocr_line' id='line_1_11' title="bbox 86 1371 1184 1461; baseline 0.003 -26"><span class='ocrx_word' id='word_1_87' title='bbox 86 1377 150 1436; x_wconf 88' lang='lat' dir='ltr'><strong>sint.</strong></span> <span class='ocrx_word' id='word_1_88' title='bbox 185 1376 290 1438; x_wconf 86' lang='lat' dir='ltr'><strong>Modus</strong></span> <span class='ocrx_word' id='word_1_89' title='bbox 310 1387 405 1439; x_wconf 87' lang='lat' dir='ltr'><strong>autem</strong></span> <span class='ocrx_word' id='word_1_90' title='bbox 425 1387 469 1440; x_wconf 90' lang='lat' dir='ltr'><strong>est</strong></span> <span class='ocrx_word' id='word_1_91' title='bbox 489 1382 612 1461; x_wconf 87' lang='lat' dir='ltr'><strong>optimus</strong></span> <span class='ocrx_word' id='word_1_92' title='bbox 633 1379 719 1437; x_wconf 86' lang='lat' dir='ltr'><strong>decus</strong></span> <span class='ocrx_word' id='word_1_93' title='bbox 738 1380 833 1457; x_wconf 90' lang='lat' dir='ltr'><strong>ipsum</strong></span> <span class='ocrx_word' id='word_1_94' title='bbox 852 1383 957 1452; x_wconf 78' lang='lat' dir='ltr'><strong>tenere,</strong></span> <span class='ocrx_word' id='word_1_95' title='bbox 978 1377 1091 1457; x_wconf 89' lang='lat' dir='ltr'><strong>dequo</strong></span> <span class='ocrx_word' id='word_1_96' title='bbox 1113 1371 1184 1438; x_wconf 64' lang='lat' dir='ltr'><strong>ante‘</strong></span> 
     </span>
     <span class='ocr_line' id='line_1_12' title="bbox 86 1463 1235 1560; baseline 0.002 -27"><span class='ocrx_word' id='word_1_97' title='bbox 86 1474 225 1551; x_wconf 80' lang='lat' dir='ltr'><strong>diximus,</strong></span> <span class='ocrx_word' id='word_1_98' title='bbox 250 1499 303 1537; x_wconf 86' lang='lat' dir='ltr'><strong>nee</strong></span> <span class='ocrx_word' id='word_1_99' title='bbox 322 1478 456 1558; x_wconf 82' lang='lat' dir='ltr'>progredi</span> <span class='ocrx_word' id='word_1_100' title='bbox 475 1479 594 1560; x_wconf 81' lang='lat' dir='ltr'><strong>longius.</strong></span> <span class='ocrx_word' id='word_1_101' title='bbox 639 1477 753 1536; x_wconf 90' lang='lat' dir='ltr'><strong>Horum</strong></span> <span class='ocrx_word' id='word_1_102' title='bbox 772 1483 868 1536; x_wconf 84' lang='lat' dir='ltr'><strong>tamen</strong></span> <span class='ocrx_word' id='word_1_103' title='bbox 887 1476 974 1535; x_wconf 89' lang='lat' dir='ltr'><strong>trium</strong></span> <span class='ocrx_word' id='word_1_104' title='bbox 996 1477 1177 1558; x_wconf 82' lang='lat' dir='ltr'><strong>praestantis·</strong></span> <span class='ocrx_word' id='word_1_105' title='bbox 1200 1463 1235 1526; x_wconf 79' lang='lat' dir='ltr'>ss</span> 
     </span>
     <span class='ocr_line' id='line_1_13' title="bbox 85 1563 785 1657; baseline 0 -26"><span class='ocrx_word' id='word_1_106' title='bbox 85 1573 191 1632; x_wconf 89' lang='lat' dir='ltr'><strong>simum</strong></span> <span class='ocrx_word' id='word_1_107' title='bbox 211 1582 261 1651; x_wconf 67' lang='lat' dir='ltr'><strong>ost,</strong></span> <span class='ocrx_word' id='word_1_108' title='bbox 283 1576 441 1657; x_wconf 87' lang='lat' dir='ltr'><strong>appetitum</strong></span> <span class='ocrx_word' id='word_1_109' title='bbox 461 1574 656 1656; x_wconf 87' lang='lat' dir='ltr'><strong>obtemperare</strong></span> <span class='ocrx_word' id='word_1_110' title='bbox 676 1563 785 1632; x_wconf 80' lang='lat' dir='ltr'><strong>rationi.</strong></span> 
     </span>
    </p>
   </div>
   <div class='ocr_carea' id='block_1_4' title="bbox 513 1716 803 1778">
    <p class='ocr_par' dir='ltr' id='par_1_4' title="bbox 513 1716 803 1778">
     <span class='ocr_line' id='line_1_14' title="bbox 513 1716 803 1778; baseline 0.003 -1"><span class='ocrx_word' id='word_1_111' title='bbox 513 1716 662 1777; x_wconf 83' lang='lat' dir='ltr'>CAPUT</span> <span class='ocrx_word' id='word_1_112' title='bbox 691 1716 755 1778; x_wconf 90' lang='lat' dir='ltr'><strong>XL.</strong></span> <span class='ocrx_word' id='word_1_113' title='bbox 800 1759 803 1767; x_wconf 85' lang='lat'><em>-</em></span> 
     </span>
    </p>
   </div>
   <div class='ocr_carea' id='block_1_5' title="bbox 10 1794 1285 2314">
    <p class='ocr_par' dir='ltr' id='par_1_5' title="bbox 10 1794 1285 2314">
     <span class='ocr_line' id='line_1_15' title="bbox 10 1794 1285 1921; baseline 0.005 -22"><span class='ocrx_word' id='word_1_114' title='bbox 10 1845 67 1901; x_wconf 73' lang='lat'><strong>142</strong></span> <span class='ocrx_word' id='word_1_115' title='bbox 83 1794 249 1920; x_wconf 81' lang='lat' dir='ltr'><strong>Deinoeps</strong></span> <span class='ocrx_word' id='word_1_116' title='bbox 269 1840 305 1899; x_wconf 89' lang='lat' dir='ltr'><strong>de</strong></span> <span class='ocrx_word' id='word_1_117' title='bbox 325 1842 423 1901; x_wconf 81' lang='lat' dir='ltr'><strong>ordine</strong></span> <span class='ocrx_word' id='word_1_118' title='bbox 442 1862 539 1901; x_wconf 88' lang='lat' dir='ltr'><strong>rerum</strong></span> <span class='ocrx_word' id='word_1_119' title='bbox 564 1848 593 1900; x_wconf 85' lang='lat' dir='ltr'><strong>et</strong></span> <span class='ocrx_word' id='word_1_120' title='bbox 616 1841 651 1899; x_wconf 89' lang='lat' dir='ltr'><strong>de</strong></span> <span class='ocrx_word' id='word_1_121' title='bbox 672 1842 885 1919; x_wconf 85' lang='lat' dir='ltr'><strong>opportunitate</strong></span> <span class='ocrx_word' id='word_1_122' title='bbox 904 1848 1067 1921; x_wconf 80' lang='lat' dir='ltr'><strong>temporum</strong></span> <span class='ocrx_word' id='word_1_123' title='bbox 1086 1844 1180 1903; x_wconf 82' lang='lat' dir='ltr'><strong>dieen-</strong></span> <span class='ocrx_word' id='word_1_124' title='bbox 1200 1844 1216 1906; x_wconf 84' lang='grc'>1</span> <span class='ocrx_word' id='word_1_125' title='bbox 1279 1863 1285 1878; x_wconf 86' lang='grc'><em>·</em></span> 
     </span>
     <span class='ocr_line' id='line_1_16' title="bbox 27 1937 1273 2020; baseline 0.006 -25"><span class='ocrx_word' id='word_1_126' title='bbox 27 2013 32 2020; x_wconf 7' lang='lat' dir='ltr'><strong>*X</strong></span> <span class='ocrx_word' id='word_1_127' title='bbox 86 1937 156 1996; x_wconf 84' lang='lat' dir='ltr'><strong>dnm</strong></span> <span class='ocrx_word' id='word_1_128' title='bbox 176 1944 226 1996; x_wconf 82' lang='lat' dir='ltr'><strong>est.</strong></span> <span class='ocrx_word' id='word_1_129' title='bbox 272 1938 351 1998; x_wconf 87' lang='lat' dir='ltr'><strong>Haeo</strong></span> <span class='ocrx_word' id='word_1_130' title='bbox 376 1946 471 1998; x_wconf 84' lang='lat' dir='ltr'><strong>autem</strong></span> <span class='ocrx_word' id='word_1_131' title='bbox 491 1939 607 1999; x_wconf 84' lang='lat' dir='ltr'><strong>seientia</strong></span> <span class='ocrx_word' id='word_1_132' title='bbox 626 1939 807 1997; x_wconf 87' lang='lat' dir='ltr'><strong>eontinentur</strong></span> <span class='ocrx_word' id='word_1_133' title='bbox 827 1957 870 2014; x_wconf 72' lang='lat' dir='ltr'><strong>ea,</strong></span> <span class='ocrx_word' id='word_1_134' title='bbox 890 1957 979 2018; x_wconf 87' lang='lat' dir='ltr'><strong>quam</strong></span> <span class='ocrx_word' id='word_1_135' title='bbox 998 1941 1101 2000; x_wconf 86' lang='lat' dir='ltr'><strong>Greeei</strong></span> <span class='ocrx_word' id='word_1_136' title='bbox 1115 1937 1177 2003; x_wconf 77' lang='lat' dir='ltr'><strong>sri—</strong></span> <span class='ocrx_word' id='word_1_137' title='bbox 1267 1997 1273 2018; x_wconf 81' lang='grc'>,</span> 
     </span>
     <span class='ocr_line' id='line_1_17' title="bbox 84 2030 1177 2117; baseline -0.002 -19"><span class='ocrx_word' id='word_1_138' title='bbox 84 2037 203 2109; x_wconf 76' lang='grc' dir='ltr'><strong><em>ταξίαν</em></strong></span> <span class='ocrx_word' id='word_1_139' title='bbox 221 2036 378 2110; x_wconf 83' lang='lat' dir='ltr'><strong>nominant,</strong></span> <span class='ocrx_word' id='word_1_140' title='bbox 397 2056 458 2094; x_wconf 87' lang='lat' dir='ltr'><strong>non</strong></span> <span class='ocrx_word' id='word_1_141' title='bbox 470 2030 560 2111; x_wconf 63' lang='lat' dir='ltr'><strong>&#39;hane</strong></span> <span class='ocrx_word' id='word_1_142' title='bbox 580 2056 668 2115; x_wconf 78' lang='lat' dir='ltr'><strong>quam</strong></span> <span class='ocrx_word' id='word_1_143' title='bbox 687 2037 906 2114; x_wconf 70' lang='lat' dir='ltr'><strong>interpretamur</strong></span> <span class='ocrx_word' id='word_1_144' title='bbox 921 2038 1097 2113; x_wconf 65' lang='lat' dir='ltr'><strong>medontam,</strong></span> <span class='ocrx_word' id='word_1_145' title='bbox 1118 2057 1177 2117; x_wconf 89' lang='lat' dir='ltr'><strong>quo</strong></span> 
     </span>
     <span class='ocr_line' id='line_1_18' title="bbox 83 2128 1177 2216; baseline 0.004 -26"><span class='ocrx_word' id='word_1_146' title='bbox 83 2132 114 2190; x_wconf 86' lang='lat' dir='ltr'><strong>in</strong></span> <span class='ocrx_word' id='word_1_147' title='bbox 134 2131 223 2190; x_wconf 86' lang='lat' dir='ltr'><strong>verbo</strong></span> <span class='ocrx_word' id='word_1_148' title='bbox 253 2134 357 2192; x_wconf 90' lang='lat' dir='ltr'><strong>modus</strong></span> <span class='ocrx_word' id='word_1_149' title='bbox 376 2135 468 2209; x_wconf 80' lang='lat' dir='ltr'><strong>inest3</strong></span> <span class='ocrx_word' id='word_1_150' title='bbox 505 2135 554 2193; x_wconf 88' lang='lat' dir='ltr'><strong>sed</strong></span> <span class='ocrx_word' id='word_1_151' title='bbox 578 2135 624 2193; x_wconf 87' lang='lat' dir='ltr'><strong>illa</strong></span> <span class='ocrx_word' id='word_1_152' title='bbox 649 2139 692 2191; x_wconf 84' lang='lat' dir='ltr'><strong>est</strong></span> <span class='ocrx_word' id='word_1_153' title='bbox 718 2128 862 2210; x_wconf 72' lang='grc' dir='ltr'><strong>εὐταξία,</strong></span> <span class='ocrx_word' id='word_1_154' title='bbox 887 2136 917 2193; x_wconf 93' lang='lat' dir='ltr'><strong>in</strong></span> <span class='ocrx_word' id='word_1_155' title='bbox 938 2154 995 2216; x_wconf 90' lang='lat' dir='ltr'><strong>qua</strong></span> <span class='ocrx_word' id='word_1_156' title='bbox 1015 2134 1177 2216; x_wconf 78' lang='lat' dir='ltr'><strong>intelligitur</strong></span> 
     </span>
     <span class='ocr_line' id='line_1_19' title="bbox 84 2219 1215 2314; baseline 0.003 -28"><span class='ocrx_word' id='word_1_157' title='bbox 84 2229 190 2288; x_wconf 86' lang='lat' dir='ltr'><strong>ordinis</strong></span> <span class='ocrx_word' id='word_1_158' title='bbox 211 2231 397 2292; x_wconf 83' lang='lat' dir='ltr'><strong>conservatio.</strong></span> <span class='ocrx_word' id='word_1_159' title='bbox 418 2219 525 2311; x_wconf 85' lang='lat' dir='ltr'><strong>ltaque,</strong></span> <span class='ocrx_word' id='word_1_160' title='bbox 546 2239 579 2291; x_wconf 86' lang='lat' dir='ltr'><strong>ut</strong></span> <span class='ocrx_word' id='word_1_161' title='bbox 598 2231 717 2290; x_wconf 84' lang='lat' dir='ltr'><strong>eandem</strong></span> <span class='ocrx_word' id='word_1_162' title='bbox 736 2250 791 2289; x_wconf 91' lang='lat' dir='ltr'><strong>nos</strong></span> <span class='ocrx_word' id='word_1_163' title='bbox 810 2231 979 2300; x_wconf 79' lang='lat' dir='ltr'><strong>modestiam</strong></span> <span class='ocrx_word' id='word_1_164' title='bbox 992 2233 1176 2314; x_wconf 79' lang='lat' dir='ltr'><strong>appellemus,</strong></span> <span class='ocrx_word' id='word_1_165' title='bbox 1195 2229 1215 2289; x_wconf 80' lang='grc'>2</span> 
     </span>
    </p>
   </div>
   <div class='ocr_carea' id='block_1_6' title="bbox 79 2334 1178 2908">
    <p class='ocr_par' dir='ltr' id='par_1_6' title="bbox 80 2334 1177 2622">
     <span class='ocr_line' id='line_1_20' title="bbox 84 2334 1177 2412; baseline 0.005 -23"><span class='ocrx_word' id='word_1_166' title='bbox 84 2334 223 2403; x_wconf 75' lang='lat' dir='ltr'><strong>centiam]</strong></span> <span class='ocrx_word' id='word_1_167' title='bbox 258 2342 313 2391; x_wconf 84' lang='lat' dir='ltr'><strong>Von</strong></span> <span class='ocrx_word' id='word_1_168' title='bbox 345 2340 390 2391; x_wconf 89' lang='lat' dir='ltr'><strong>der</strong></span> <span class='ocrx_word' id='word_1_169' title='bbox 417 2341 509 2393; x_wconf 83' lang='lat' dir='ltr'><strong>Praeht</strong></span> <span class='ocrx_word' id='word_1_170' title='bbox 534 2343 617 2393; x_wconf 89' lang='lat' dir='ltr'><strong>dieser</strong></span> <span class='ocrx_word' id='word_1_171' title='bbox 642 2341 695 2391; x_wconf 88' lang='lat' dir='ltr'><strong>und</strong></span> <span class='ocrx_word' id='word_1_172' title='bbox 723 2339 900 2393; x_wconf 72' lang='lat' dir='ltr'><strong>construction</strong></span> <span class='ocrx_word' id='word_1_173' title='bbox 925 2359 976 2396; x_wconf 85' lang='lat' dir='ltr'><strong>ron</strong></span> <span class='ocrx_word' id='word_1_174' title='bbox 1002 2355 1105 2395; x_wconf 65' lang='lat' dir='ltr'><strong>eadem</strong></span> <span class='ocrx_word' id='word_1_175' title='bbox 1126 2343 1177 2412; x_wconf 73' lang='lat' dir='ltr'><strong>rgl.</strong></span> 
     </span>
     <span class='ocr_line' id='line_1_21' title="bbox 83 2407 1177 2493; baseline 0.008 -36"><span class='ocrx_word' id='word_1_176' title='bbox 83 2408 165 2459; x_wconf 85' lang='lat' dir='ltr'><strong>Villen</strong></span> <span class='ocrx_word' id='word_1_177' title='bbox 192 2411 287 2477; x_wconf 81' lang='lat' dir='ltr'><strong>sprielrt</strong></span> <span class='ocrx_word' id='word_1_178' title='bbox 312 2411 374 2462; x_wconf 86' lang='lat' dir='ltr'><strong>Plin.</strong></span> <span class='ocrx_word' id='word_1_179' title='bbox 383 2412 426 2493; x_wconf 54' lang='lat' dir='ltr'><strong>⁸ll.</strong></span> <span class='ocrx_word' id='word_1_180' title='bbox 455 2412 485 2463; x_wconf 88' lang='lat' dir='ltr'><strong>N.</strong></span> <span class='ocrx_word' id='word_1_181' title='bbox 507 2412 550 2478; x_wconf 86' lang='lat' dir='ltr'><strong>lx,</strong></span> <span class='ocrx_word' id='word_1_182' title='bbox 573 2411 615 2464; x_wconf 74' lang='lat'><strong>54.</strong></span> <span class='ocrx_word' id='word_1_183' title='bbox 642 2412 748 2479; x_wconf 83' lang='lat' dir='ltr'><strong>Zumpts</strong></span> <span class='ocrx_word' id='word_1_184' title='bbox 767 2407 808 2462; x_wconf 67' lang='grc' dir='ltr'><strong>ἂι.</strong></span> <span class='ocrx_word' id='word_1_185' title='bbox 829 2413 847 2473; x_wconf 82' lang='lat'>§</span> <span class='ocrx_word' id='word_1_186' title='bbox 865 2411 925 2466; x_wconf 75' lang='lat'><strong>534.</strong></span> <span class='ocrx_word' id='word_1_187' title='bbox 946 2441 983 2451; x_wconf 93' lang='lat'><em>-</em></span> <span class='ocrx_word' id='word_1_188' title='bbox 1005 2411 1044 2465; x_wconf 73' lang='lat' dir='ltr'><strong>ad</strong></span> <span class='ocrx_word' id='word_1_189' title='bbox 1069 2409 1177 2466; x_wconf 78' lang='lat' dir='ltr'><strong>libera-</strong></span> 
     </span>
     <span class='ocr_line' id='line_1_22' title="bbox 82 2479 1173 2554; baseline 0.008 -25"><span class='ocrx_word' id='word_1_190' title='bbox 82 2479 173 2531; x_wconf 81' lang='lat' dir='ltr'><strong>Seines</strong></span> <span class='ocrx_word' id='word_1_191' title='bbox 190 2498 297 2550; x_wconf 79' lang='lat' dir='ltr'><strong>grossen</strong></span> <span class='ocrx_word' id='word_1_192' title='bbox 315 2482 474 2534; x_wconf 81' lang='lat' dir='ltr'><strong>Aufwandes</strong></span> <span class='ocrx_word' id='word_1_193' title='bbox 492 2486 542 2535; x_wconf 89' lang='lat' dir='ltr'><strong>und</strong></span> <span class='ocrx_word' id='word_1_194' title='bbox 561 2486 615 2535; x_wconf 84' lang='lat' dir='ltr'><strong>sei·</strong></span> <span class='ocrx_word' id='word_1_195' title='bbox 642 2479 695 2534; x_wconf 84' lang='lat' dir='ltr'><strong>lem</strong></span> <span class='ocrx_word' id='word_1_196' title='bbox 712 2510 749 2522; x_wconf 89' lang='lat'><strong>--</strong></span> <span class='ocrx_word' id='word_1_197' title='bbox 770 2479 952 2551; x_wconf 65' lang='lat' dir='ltr'><strong>differitatem]</strong></span> <span class='ocrx_word' id='word_1_198' title='bbox 970 2484 1026 2554; x_wconf 76' lang='lat' dir='ltr'><strong>vgt.</strong></span> <span class='ocrx_word' id='word_1_199' title='bbox 1046 2482 1091 2552; x_wconf 77' lang='lat'><strong>29,</strong></span> <span class='ocrx_word' id='word_1_200' title='bbox 1110 2495 1173 2539; x_wconf 80' lang='lat' dir='ltr'><strong>extr.</strong></span> 
     </span>
     <span class='ocr_line' id='line_1_23' title="bbox 80 2550 805 2622; baseline 0.01 -23"><span class='ocrx_word' id='word_1_201' title='bbox 80 2566 129 2601; x_wconf 89' lang='lat' dir='ltr'><strong>ner</strong></span> <span class='ocrx_word' id='word_1_202' title='bbox 147 2552 305 2605; x_wconf 82' lang='lat' dir='ltr'><strong>Praclitliebe</strong></span> <span class='ocrx_word' id='word_1_203' title='bbox 328 2568 422 2622; x_wconf 78' lang='lat' dir='ltr'><strong>wegen</strong></span> <span class='ocrx_word' id='word_1_204' title='bbox 445 2564 539 2606; x_wconf 88' lang='lat' dir='ltr'><strong>nannte</strong></span> <span class='ocrx_word' id='word_1_205' title='bbox 557 2570 615 2606; x_wconf 86' lang='lat' dir='ltr'><strong>man</strong></span> <span class='ocrx_word' id='word_1_206' title='bbox 641 2556 693 2605; x_wconf 87' lang='lat' dir='ltr'><strong>und</strong></span> <span class='ocrx_word' id='word_1_207' title='bbox 711 2550 753 2619; x_wconf 82' lang='lat'><strong>36,</strong></span> <span class='ocrx_word' id='word_1_208' title='bbox 772 2556 805 2606; x_wconf 84' lang='lat' dir='ltr'><strong>in.</strong></span> 
     </span>
    </p>

    <p class='ocr_par' dir='ltr' id='par_1_7' title="bbox 79 2618 1178 2908">
     <span class='ocr_line' id='line_1_24' title="bbox 80 2618 1178 2695; baseline 0.005 -22"><span class='ocrx_word' id='word_1_209' title='bbox 80 2621 126 2672; x_wconf 80' lang='lat' dir='ltr'><strong>itm</strong></span> <span class='ocrx_word' id='word_1_210' title='bbox 142 2625 193 2674; x_wconf 91' lang='lat' dir='ltr'><strong>den</strong></span> <span class='ocrx_word' id='word_1_211' title='bbox 205 2618 317 2675; x_wconf 69' lang='lat' dir='ltr'><strong>Xerses</strong></span> <span class='ocrx_word' id='word_1_212' title='bbox 337 2630 461 2692; x_wconf 70' lang='lat' dir='ltr'><strong>topatus.</strong></span> <span class='ocrx_word' id='word_1_213' title='bbox 493 2628 548 2678; x_wconf 76' lang='lat' dir='ltr'><strong>lton</strong></span> <span class='ocrx_word' id='word_1_214' title='bbox 560 2628 614 2678; x_wconf 87' lang='lat' dir='ltr'><strong>sei·</strong></span> <span class='ocrx_word' id='word_1_215' title='bbox 696 2622 737 2676; x_wconf 87' lang='lat'><strong>11.</strong></span> <span class='ocrx_word' id='word_1_216' title='bbox 754 2622 841 2678; x_wconf 68' lang='lat' dir='ltr'><strong>deceta</strong></span> <span class='ocrx_word' id='word_1_217' title='bbox 858 2623 970 2695; x_wconf 71' lang='lat' dir='ltr'><strong>t&#39;psttm]</strong></span> <span class='ocrx_word' id='word_1_218' title='bbox 987 2628 1019 2679; x_wconf 87' lang='lat' dir='ltr'><strong>ist</strong></span> <span class='ocrx_word' id='word_1_219' title='bbox 1035 2628 1091 2678; x_wconf 88' lang='lat' dir='ltr'><strong>hier</strong></span> <span class='ocrx_word' id='word_1_220' title='bbox 1107 2628 1178 2679; x_wconf 78' lang='lat' dir='ltr'><strong>ntulit</strong></span> 
     </span>
     <span class='ocr_line' id='line_1_25' title="bbox 80 2693 1175 2765; baseline 0.008 -24"><span class='ocrx_word' id='word_1_221' title='bbox 80 2706 134 2742; x_wconf 85' lang='lat' dir='ltr'><strong>nen</strong></span> <span class='ocrx_word' id='word_1_222' title='bbox 161 2696 307 2747; x_wconf 85' lang='lat' dir='ltr'><strong>erhabenen</strong></span> <span class='ocrx_word' id='word_1_223' title='bbox 335 2695 532 2765; x_wconf 72' lang='lat' dir='ltr'><strong>Eigensehaden</strong></span> <span class='ocrx_word' id='word_1_224' title='bbox 563 2699 614 2750; x_wconf 88' lang='lat' dir='ltr'><strong>und</strong></span> <span class='ocrx_word' id='word_1_225' title='bbox 642 2697 686 2748; x_wconf 83' lang='lat' dir='ltr'><strong>das</strong></span> <span class='ocrx_word' id='word_1_226' title='bbox 709 2713 730 2747; x_wconf 86' lang='lat' dir='ltr'><strong>c.</strong></span> <span class='ocrx_word' id='word_1_227' title='bbox 753 2693 798 2762; x_wconf 81' lang='lat'><strong>27,</strong></span> <span class='ocrx_word' id='word_1_228' title='bbox 824 2699 856 2750; x_wconf 90' lang='lat' dir='ltr'><strong>in.</strong></span> <span class='ocrx_word' id='word_1_229' title='bbox 887 2698 1005 2750; x_wconf 79' lang='lat' dir='ltr'><strong>detintrte</strong></span> <span class='ocrx_word' id='word_1_230' title='bbox 1031 2695 1175 2762; x_wconf 73' lang='lat' dir='ltr'><strong>decorum,</strong></span> 
     </span>
     <span class='ocr_line' id='line_1_26' title="bbox 80 2762 1176 2838; baseline 0.007 -27"><span class='ocrx_word' id='word_1_231' title='bbox 80 2762 251 2816; x_wconf 75' lang='lat' dir='ltr'><strong>Verdiensten</strong></span> <span class='ocrx_word' id='word_1_232' title='bbox 273 2768 376 2819; x_wconf 86' lang='lat' dir='ltr'><strong>bandett</strong></span> <span class='ocrx_word' id='word_1_233' title='bbox 393 2769 445 2822; x_wconf 85' lang='lat' dir='ltr'><strong>Cic.</strong></span> <span class='ocrx_word' id='word_1_234' title='bbox 463 2770 615 2838; x_wconf 77' lang='lat' dir='ltr'><strong>wettlr&#39;aultig</strong></span> <span class='ocrx_word' id='word_1_235' title='bbox 640 2768 752 2819; x_wconf 84' lang='lat' dir='ltr'><strong>sondern</strong></span> <span class='ocrx_word' id='word_1_236' title='bbox 770 2769 810 2819; x_wconf 86' lang='lat' dir='ltr'><strong>die</strong></span> <span class='ocrx_word' id='word_1_237' title='bbox 829 2771 854 2819; x_wconf 90' lang='lat' dir='ltr'><strong>in</strong></span> <span class='ocrx_word' id='word_1_238' title='bbox 873 2770 969 2820; x_wconf 82' lang='lat' dir='ltr'><strong>diesem</strong></span> <span class='ocrx_word' id='word_1_239' title='bbox 982 2768 1079 2835; x_wconf 82' lang='lat' dir='ltr'><strong>Capitol</strong></span> <span class='ocrx_word' id='word_1_240' title='bbox 1092 2769 1176 2834; x_wconf 60' lang='lat' dir='ltr'><strong>angess</strong></span> 
     </span>
     <span class='ocr_line' id='line_1_27' title="bbox 79 2834 1175 2908; baseline 0.007 -25"><span class='ocrx_word' id='word_1_241' title='bbox 79 2834 109 2883; x_wconf 84' lang='lat' dir='ltr'><strong>in</strong></span> <span class='ocrx_word' id='word_1_242' title='bbox 127 2835 177 2885; x_wconf 85' lang='lat' dir='ltr'><strong>den</strong></span> <span class='ocrx_word' id='word_1_243' title='bbox 195 2836 298 2899; x_wconf 84' lang='lat' dir='ltr'><strong>Quaest.</strong></span> <span class='ocrx_word' id='word_1_244' title='bbox 315 2839 392 2890; x_wconf 83' lang='lat' dir='ltr'><strong>Acad.</strong></span> <span class='ocrx_word' id='word_1_245' title='bbox 411 2840 507 2905; x_wconf 84' lang='lat' dir='ltr'><strong>1V‚in.</strong></span> <span class='ocrx_word' id='word_1_246' title='bbox 640 2840 760 2908; x_wconf 84' lang='lat' dir='ltr'><strong>gebenen</strong></span> <span class='ocrx_word' id='word_1_247' title='bbox 779 2839 960 2904; x_wconf 68' lang='lat' dir='ltr'><strong>Vorsehrittem</strong></span> <span class='ocrx_word' id='word_1_248' title='bbox 978 2841 1030 2892; x_wconf 85' lang='lat' dir='ltr'><strong>wie</strong></span> <span class='ocrx_word' id='word_1_249' title='bbox 1047 2841 1089 2891; x_wconf 87' lang='lat' dir='ltr'><strong>ein</strong></span> <span class='ocrx_word' id='word_1_250' title='bbox 1100 2841 1175 2892; x_wconf 85' lang='lat' dir='ltr'><strong>ltann</strong></span> 
     </span>
    </p>
   </div>
   <div class='ocr_carea' id='block_1_7' title="bbox 60 2910 1238 4067">
    <p class='ocr_par' dir='ltr' id='par_1_8' title="bbox 60 2910 1238 4067">
     <span class='ocr_line' id='line_1_28' title="bbox 138 2910 1175 2996; baseline 0.002 -36"><span class='ocrx_word' id='word_1_251' title='bbox 138 2921 178 2974; x_wconf 60' lang='lat'><strong>10,</strong></span> <span class='ocrx_word' id='word_1_252' title='bbox 196 2920 229 2975; x_wconf 67' lang='lat'><strong>1„</strong></span> <span class='ocrx_word' id='word_1_253' title='bbox 240 2922 315 2976; x_wconf 71' lang='lat' dir='ltr'><em>omm·</em></span> <span class='ocrx_word' id='word_1_254' title='bbox 323 2931 417 2978; x_wconf 65' lang='lat' dir='ltr'><strong>amem</strong></span> <span class='ocrx_word' id='word_1_255' title='bbox 429 2925 541 2980; x_wconf 53' lang='lat' dir='ltr'><strong>„0507ae</strong></span> <span class='ocrx_word' id='word_1_256' title='bbox 551 2930 616 2996; x_wconf 39' lang='grc' dir='ltr'><strong>αρ’]</strong></span> <span class='ocrx_word' id='word_1_257' title='bbox 640 2926 690 2962; x_wconf 85' lang='lat' dir='ltr'><strong>von</strong></span> <span class='ocrx_word' id='word_1_258' title='bbox 702 2910 776 2979; x_wconf 79' lang='lat' dir='ltr'><strong>Rnng</strong></span> <span class='ocrx_word' id='word_1_259' title='bbox 794 2912 863 2962; x_wconf 79' lang='lat' dir='ltr'><strong>seina</strong></span> <span class='ocrx_word' id='word_1_260' title='bbox 875 2911 1014 2996; x_wconf 66' lang='lat' dir='ltr'><strong>Wuhnung</strong></span> <span class='ocrx_word' id='word_1_261' title='bbox 1029 2912 1175 2964; x_wconf 82' lang='lat' dir='ltr'><strong>einzurich-</strong></span> 
     </span>
     <span class='ocr_line' id='line_1_29' title="bbox 78 2982 776 3064; baseline 0.007 -17"><span class='ocrx_word' id='word_1_262' title='bbox 78 2994 110 3047; x_wconf 87' lang='lat' dir='ltr'><strong>ln</strong></span> <span class='ocrx_word' id='word_1_263' title='bbox 128 2995 187 3046; x_wconf 87' lang='lat' dir='ltr'><strong>dem</strong></span> <span class='ocrx_word' id='word_1_264' title='bbox 206 2995 353 3064; x_wconf 72' lang='lat' dir='ltr'><strong>Fulgenden</strong></span> <span class='ocrx_word' id='word_1_265' title='bbox 376 2998 437 3051; x_wconf 83' lang='lat' dir='ltr'><strong>lasst</strong></span> <span class='ocrx_word' id='word_1_266' title='bbox 455 3000 507 3051; x_wconf 82' lang='lat' dir='ltr'><strong>Cic.</strong></span> <span class='ocrx_word' id='word_1_267' title='bbox 529 3001 554 3050; x_wconf 91' lang='lat' dir='ltr'><strong>in</strong></span> <span class='ocrx_word' id='word_1_268' title='bbox 574 3003 614 3051; x_wconf 87' lang='lat' dir='ltr'><strong>ei·</strong></span> <span class='ocrx_word' id='word_1_269' title='bbox 641 2991 684 3032; x_wconf 71' lang='lat'><strong>⁸⁰¹¹</strong></span> <span class='ocrx_word' id='word_1_270' title='bbox 703 2982 776 3032; x_wconf 59' lang='lat' dir='ltr'><strong>habe·</strong></span> 
     </span>
     <span class='ocr_line' id='line_1_30' title="bbox 77 3065 1173 3138; baseline 0.003 -20"><span class='ocrx_word' id='word_1_271' title='bbox 77 3082 140 3118; x_wconf 85' lang='lat' dir='ltr'><strong>nem</strong></span> <span class='ocrx_word' id='word_1_272' title='bbox 165 3066 262 3117; x_wconf 85' lang='lat' dir='ltr'><strong>kurzen</strong></span> <span class='ocrx_word' id='word_1_273' title='bbox 287 3066 436 3122; x_wconf 85' lang='lat' dir='ltr'><strong>Ueberbliclr</strong></span> <span class='ocrx_word' id='word_1_274' title='bbox 461 3088 616 3138; x_wconf 85' lang='lat' dir='ltr'><strong>zusammen,</strong></span> <span class='ocrx_word' id='word_1_275' title='bbox 696 3067 768 3121; x_wconf 79' lang='lat' dir='ltr'>CAP.</span> <span class='ocrx_word' id='word_1_276' title='bbox 780 3072 828 3123; x_wconf 87' lang='lat' dir='ltr'><strong>XL.</strong></span> <span class='ocrx_word' id='word_1_277' title='bbox 849 3066 872 3122; x_wconf 88' lang='lat'><strong>1.</strong></span> <span class='ocrx_word' id='word_1_278' title='bbox 884 3065 980 3136; x_wconf 79' lang='lat' dir='ltr'><strong>Haec]</strong></span> <span class='ocrx_word' id='word_1_279' title='bbox 996 3069 1101 3124; x_wconf 83' lang='lat' dir='ltr'><strong>bezieht</strong></span> <span class='ocrx_word' id='word_1_280' title='bbox 1118 3070 1173 3122; x_wconf 81' lang='lat' dir='ltr'><strong>sicli</strong></span> 
     </span>
     <span class='ocr_line' id='line_1_31' title="bbox 76 3137 1173 3212; baseline 0.004 -23"><span class='ocrx_word' id='word_1_281' title='bbox 76 3145 136 3189; x_wconf 71' lang='lat' dir='ltr'><strong>was</strong></span> <span class='ocrx_word' id='word_1_282' title='bbox 154 3137 295 3204; x_wconf 76' lang='lat' dir='ltr'><strong>uberhaupt</strong></span> <span class='ocrx_word' id='word_1_283' title='bbox 320 3139 361 3189; x_wconf 87' lang='lat' dir='ltr'><strong>bei</strong></span> <span class='ocrx_word' id='word_1_284' title='bbox 380 3140 455 3204; x_wconf 85' lang='lat' dir='ltr'><strong>jeder</strong></span> <span class='ocrx_word' id='word_1_285' title='bbox 481 3143 616 3212; x_wconf 80' lang='lat' dir='ltr'><strong>Handlung</strong></span> <span class='ocrx_word' id='word_1_286' title='bbox 642 3138 773 3193; x_wconf 81' lang='lat' dir='ltr'><strong>uniordo</strong></span> <span class='ocrx_word' id='word_1_287' title='bbox 792 3154 889 3193; x_wconf 78' lang='lat' dir='ltr'><strong>rerum</strong></span> <span class='ocrx_word' id='word_1_288' title='bbox 906 3142 958 3193; x_wconf 89' lang='lat' dir='ltr'><strong>und</strong></span> <span class='ocrx_word' id='word_1_289' title='bbox 971 3137 1173 3209; x_wconf 74' lang='lat' dir='ltr'><strong>opportunitas</strong></span> 
     </span>
     <span class='ocr_line' id='line_1_32' title="bbox 76 3208 1177 3282; baseline 0.005 -22"><span class='ocrx_word' id='word_1_290' title='bbox 76 3225 112 3260; x_wconf 80' lang='lat' dir='ltr'><strong>zu</strong></span> <span class='ocrx_word' id='word_1_291' title='bbox 130 3208 288 3261; x_wconf 84' lang='lat' dir='ltr'><strong>beoharhten</strong></span> <span class='ocrx_word' id='word_1_292' title='bbox 305 3211 346 3275; x_wconf 82' lang='lat' dir='ltr'><strong>ist,</strong></span> <span class='ocrx_word' id='word_1_293' title='bbox 364 3227 405 3261; x_wconf 85' lang='lat' dir='ltr'><strong>um</strong></span> <span class='ocrx_word' id='word_1_294' title='bbox 424 3210 613 3265; x_wconf 82' lang='lat' dir='ltr'><strong>dasdecoram</strong></span> <span class='ocrx_word' id='word_1_295' title='bbox 641 3218 803 3282; x_wconf 82' lang='lat' dir='ltr'><strong>temporum.</strong></span> <span class='ocrx_word' id='word_1_296' title='bbox 826 3241 862 3249; x_wconf 94' lang='lat'><strong>—</strong></span> <span class='ocrx_word' id='word_1_297' title='bbox 891 3226 948 3264; x_wconf 81' lang='lat' dir='ltr'><strong>non</strong></span> <span class='ocrx_word' id='word_1_298' title='bbox 971 3209 1043 3264; x_wconf 75' lang='lat' dir='ltr'><strong>leone</strong></span> <span class='ocrx_word' id='word_1_299' title='bbox 1065 3238 1101 3248; x_wconf 87' lang='lat'><strong>-—</strong></span> <span class='ocrx_word' id='word_1_300' title='bbox 1122 3208 1177 3265; x_wconf 80' lang='lat' dir='ltr'><strong>sed</strong></span> 
     </span>
     <span class='ocr_line' id='line_1_33' title="bbox 73 3280 1174 3352; baseline 0.006 -21"><span class='ocrx_word' id='word_1_301' title='bbox 73 3296 112 3332; x_wconf 79' lang='lat' dir='ltr'><strong>zu</strong></span> <span class='ocrx_word' id='word_1_302' title='bbox 130 3280 279 3344; x_wconf 70' lang='lat' dir='ltr'><strong>beminen,</strong></span> <span class='ocrx_word' id='word_1_303' title='bbox 297 3281 382 3332; x_wconf 89' lang='lat' dir='ltr'><strong>wobei</strong></span> <span class='ocrx_word' id='word_1_304' title='bbox 401 3299 429 3333; x_wconf 89' lang='lat' dir='ltr'><strong>er</strong></span> <span class='ocrx_word' id='word_1_305' title='bbox 441 3285 484 3335; x_wconf 84' lang='lat' dir='ltr'><strong>mit</strong></span> <span class='ocrx_word' id='word_1_306' title='bbox 495 3284 611 3336; x_wconf 80' lang='lat' dir='ltr'><strong>Berriclr-</strong></span> <span class='ocrx_word' id='word_1_307' title='bbox 639 3280 690 3334; x_wconf 75' lang='lat' dir='ltr'><strong>itta</strong></span> <span class='ocrx_word' id='word_1_308' title='bbox 702 3288 763 3352; x_wconf 68' lang='lat' dir='ltr'><strong>est]</strong></span> <span class='ocrx_word' id='word_1_309' title='bbox 781 3285 828 3338; x_wconf 88' lang='lat' dir='ltr'><strong>Die</strong></span> <span class='ocrx_word' id='word_1_310' title='bbox 842 3283 1015 3336; x_wconf 76' lang='lat' dir='ltr'><strong>construction</strong></span> <span class='ocrx_word' id='word_1_311' title='bbox 1028 3282 1106 3334; x_wconf 84' lang='lat' dir='ltr'><strong>leidet</strong></span> <span class='ocrx_word' id='word_1_312' title='bbox 1117 3282 1174 3338; x_wconf 81' lang='lat' dir='ltr'><strong>hier</strong></span> 
     </span>
     <span class='ocr_line' id='line_1_34' title="bbox 71 3351 1238 3425; baseline 0.002 -22"><span class='ocrx_word' id='word_1_313' title='bbox 71 3351 222 3420; x_wconf 81' lang='lat' dir='ltr'><strong>sichtignng</strong></span> <span class='ocrx_word' id='word_1_314' title='bbox 246 3353 291 3403; x_wconf 89' lang='lat' dir='ltr'><strong>des</strong></span> <span class='ocrx_word' id='word_1_315' title='bbox 318 3352 405 3403; x_wconf 76' lang='lat' dir='ltr'><strong>truher</strong></span> <span class='ocrx_word' id='word_1_316' title='bbox 428 3354 612 3424; x_wconf 80' lang='lat' dir='ltr'><strong>Aufgestellten</strong></span> <span class='ocrx_word' id='word_1_317' title='bbox 639 3372 671 3407; x_wconf 89' lang='lat' dir='ltr'><strong>an</strong></span> <span class='ocrx_word' id='word_1_318' title='bbox 690 3374 791 3425; x_wconf 75' lang='lat' dir='ltr'><strong>grossos</strong></span> <span class='ocrx_word' id='word_1_319' title='bbox 803 3353 1070 3423; x_wconf 74' lang='lat' dir='ltr'><strong>Unregelmassiglreit‚</strong></span> <span class='ocrx_word' id='word_1_320' title='bbox 1086 3354 1172 3406; x_wconf 77' lang='lat' dir='ltr'><strong>tndem</strong></span> <span class='ocrx_word' id='word_1_321' title='bbox 1235 3415 1238 3422; x_wconf 25' lang='lat'><strong>⁴</strong></span> 
     </span>
     <span class='ocr_line' id='line_1_35' title="bbox 74 3420 1172 3492; baseline 0.003 -19"><span class='ocrx_word' id='word_1_322' title='bbox 74 3422 142 3492; x_wconf 79' lang='lat' dir='ltr'><strong>(vgl.</strong></span> <span class='ocrx_word' id='word_1_323' title='bbox 161 3420 205 3486; x_wconf 80' lang='lat'><strong>29,</strong></span> <span class='ocrx_word' id='word_1_324' title='bbox 224 3423 269 3486; x_wconf 84' lang='lat' dir='ltr'><strong>in.)</strong></span> <span class='ocrx_word' id='word_1_325' title='bbox 292 3424 392 3475; x_wconf 85' lang='lat' dir='ltr'><strong>wieder</strong></span> <span class='ocrx_word' id='word_1_326' title='bbox 413 3427 483 3478; x_wconf 86' lang='lat' dir='ltr'><strong>seine</strong></span> <span class='ocrx_word' id='word_1_327' title='bbox 503 3426 611 3479; x_wconf 88' lang='lat' dir='ltr'><strong>beliebte</strong></span> <span class='ocrx_word' id='word_1_328' title='bbox 638 3440 695 3480; x_wconf 80' lang='lat' dir='ltr'><strong>non</strong></span> <span class='ocrx_word' id='word_1_329' title='bbox 723 3425 796 3480; x_wconf 78' lang='lat' dir='ltr'><strong>hanc</strong></span> <span class='ocrx_word' id='word_1_330' title='bbox 822 3426 935 3478; x_wconf 86' lang='lat' dir='ltr'><strong>attrahirt</strong></span> <span class='ocrx_word' id='word_1_331' title='bbox 961 3427 992 3476; x_wconf 84' lang='lat' dir='ltr'><strong>ist</strong></span> <span class='ocrx_word' id='word_1_332' title='bbox 1013 3439 1063 3476; x_wconf 85' lang='lat' dir='ltr'><strong>von</strong></span> <span class='ocrx_word' id='word_1_333' title='bbox 1088 3438 1172 3492; x_wconf 78' lang='lat' dir='ltr'><strong>quam</strong></span> 
     </span>
     <span class='ocr_line' id='line_1_36' title="bbox 73 3491 1172 3566; baseline 0.001 -20"><span class='ocrx_word' id='word_1_334' title='bbox 73 3493 313 3566; x_wconf 77' lang='lat' dir='ltr'><strong>Dreitlreilung</strong></span> <span class='ocrx_word' id='word_1_335' title='bbox 339 3498 482 3550; x_wconf 83' lang='lat' dir='ltr'><strong>aswendet.</strong></span> <span class='ocrx_word' id='word_1_336' title='bbox 528 3499 612 3551; x_wconf 87' lang='lat' dir='ltr'><strong>Ueber</strong></span> <span class='ocrx_word' id='word_1_337' title='bbox 637 3496 791 3562; x_wconf 81' lang='lat' dir='ltr'><strong>nominant,</strong></span> <span class='ocrx_word' id='word_1_338' title='bbox 811 3498 872 3549; x_wconf 89' lang='lat' dir='ltr'><strong>aber</strong></span> <span class='ocrx_word' id='word_1_339' title='bbox 885 3492 937 3549; x_wconf 84' lang='lat' dir='ltr'><strong>sed</strong></span> <span class='ocrx_word' id='word_1_340' title='bbox 947 3491 997 3546; x_wconf 74' lang='lat' dir='ltr'><strong>illa</strong></span> <span class='ocrx_word' id='word_1_341' title='bbox 1013 3500 1057 3547; x_wconf 83' lang='lat' dir='ltr'><strong>est</strong></span> <span class='ocrx_word' id='word_1_342' title='bbox 1072 3497 1172 3548; x_wconf 83' lang='lat' dir='ltr'><strong>wieder</strong></span> 
     </span>
     <span class='ocr_line' id='line_1_37' title="bbox 72 3563 1171 3635; baseline 0.001 -18"><span class='ocrx_word' id='word_1_343' title='bbox 72 3565 183 3617; x_wconf 85' lang='lat' dir='ltr'><strong>letztere</strong></span> <span class='ocrx_word' id='word_1_344' title='bbox 201 3565 253 3635; x_wconf 79' lang='lat' dir='ltr'><strong>vgl.</strong></span> <span class='ocrx_word' id='word_1_345' title='bbox 272 3563 298 3632; x_wconf 82' lang='grc'><strong>3,</strong></span> <span class='ocrx_word' id='word_1_346' title='bbox 317 3563 340 3618; x_wconf 86' lang='grc'><strong>6.</strong></span> <span class='ocrx_word' id='word_1_347' title='bbox 360 3564 403 3633; x_wconf 83' lang='grc'><strong>35,</strong></span> <span class='ocrx_word' id='word_1_348' title='bbox 421 3565 446 3619; x_wconf 75' lang='lat'><strong>⁴2.</strong></span> <span class='ocrx_word' id='word_1_349' title='bbox 464 3566 507 3634; x_wconf 78' lang='lat' dir='ltr'><strong>tu,</strong></span> <span class='ocrx_word' id='word_1_350' title='bbox 521 3566 560 3620; x_wconf 84' lang='lat'><strong>10.</strong></span> <span class='ocrx_word' id='word_1_351' title='bbox 579 3570 611 3634; x_wconf 87' lang='lat'><strong>11,</strong></span> <span class='ocrx_word' id='word_1_352' title='bbox 637 3571 663 3621; x_wconf 92' lang='lat' dir='ltr'><strong>in</strong></span> <span class='ocrx_word' id='word_1_353' title='bbox 686 3572 743 3622; x_wconf 91' lang='lat' dir='ltr'><strong>eine</strong></span> <span class='ocrx_word' id='word_1_354' title='bbox 767 3570 862 3621; x_wconf 86' lang='lat' dir='ltr'><strong>andere</strong></span> <span class='ocrx_word' id='word_1_355' title='bbox 880 3567 1017 3635; x_wconf 78' lang='lat' dir='ltr'><strong>Wendnng</strong></span> <span class='ocrx_word' id='word_1_356' title='bbox 1041 3567 1102 3621; x_wconf 79' lang='lat' dir='ltr'><strong>dher</strong></span> <span class='ocrx_word' id='word_1_357' title='bbox 1121 3567 1171 3619; x_wconf 85' lang='lat' dir='ltr'><strong>eht.</strong></span> 
     </span>
     <span class='ocr_line' id='line_1_38' title="bbox 64 3584 1169 3705; baseline 0.002 -19"><span class='ocrx_word' id='word_1_358' title='bbox 64 3633 103 3702; x_wconf 82' lang='grc'><strong>’5,</strong></span> <span class='ocrx_word' id='word_1_359' title='bbox 121 3633 146 3687; x_wconf 82' lang='grc'><strong>7,</strong></span> <span class='ocrx_word' id='word_1_360' title='bbox 167 3633 193 3702; x_wconf 83' lang='grc'><strong>9,</strong></span> <span class='ocrx_word' id='word_1_361' title='bbox 210 3635 236 3687; x_wconf 75' lang='lat'><strong>2.</strong></span> <span class='ocrx_word' id='word_1_362' title='bbox 261 3664 297 3674; x_wconf 88' lang='lat'>—</span> <span class='ocrx_word' id='word_1_363' title='bbox 332 3642 364 3689; x_wconf 78' lang='lat' dir='ltr'><strong>ut</strong></span> <span class='ocrx_word' id='word_1_364' title='bbox 385 3651 455 3689; x_wconf 80' lang='lat' dir='ltr'><strong>neve</strong></span> <span class='ocrx_word' id='word_1_365' title='bbox 471 3667 508 3676; x_wconf 90' lang='lat'>—</span> <span class='ocrx_word' id='word_1_366' title='bbox 524 3637 610 3705; x_wconf 81' lang='lat' dir='ltr'><strong>neve]</strong></span> <span class='ocrx_word' id='word_1_367' title='bbox 636 3642 718 3692; x_wconf 86' lang='lat' dir='ltr'><strong>Einen</strong></span> <span class='ocrx_word' id='word_1_368' title='bbox 741 3639 874 3698; x_wconf 74' lang='lat' dir='ltr'><strong>ahnlichen</strong></span> <span class='ocrx_word' id='word_1_369' title='bbox 892 3638 1012 3689; x_wconf 77' lang='lat' dir='ltr'><strong>Wechs&#39;el</strong></span> <span class='ocrx_word' id='word_1_370' title='bbox 1035 3638 1081 3689; x_wconf 90' lang='lat' dir='ltr'><strong>der</strong></span> <span class='ocrx_word' id='word_1_371' title='bbox 1098 3584 1169 3691; x_wconf 55' lang='lat' dir='ltr'><strong>don-</strong></span> 
     </span>
     <span class='ocr_line' id='line_1_39' title="bbox 71 3706 1168 3780; baseline 0.004 -23"><span class='ocrx_word' id='word_1_372' title='bbox 71 3708 109 3758; x_wconf 86' lang='lat' dir='ltr'><strong>ist</strong></span> <span class='ocrx_word' id='word_1_373' title='bbox 127 3708 184 3759; x_wconf 87' lang='lat' dir='ltr'><strong>eine</strong></span> <span class='ocrx_word' id='word_1_374' title='bbox 202 3708 252 3760; x_wconf 85' lang='lat' dir='ltr'><strong>viel</strong></span> <span class='ocrx_word' id='word_1_375' title='bbox 263 3708 373 3759; x_wconf 86' lang='lat' dir='ltr'><strong>seltnere</strong></span> <span class='ocrx_word' id='word_1_376' title='bbox 392 3710 556 3780; x_wconf 82' lang='lat' dir='ltr'><strong>Verbindung</strong></span> <span class='ocrx_word' id='word_1_377' title='bbox 574 3711 610 3763; x_wconf 83' lang='lat' dir='ltr'><strong>uls</strong></span> <span class='ocrx_word' id='word_1_378' title='bbox 636 3715 788 3764; x_wconf 85' lang='lat' dir='ltr'><strong>structionen</strong></span> <span class='ocrx_word' id='word_1_379' title='bbox 808 3709 891 3761; x_wconf 83' lang='lat' dir='ltr'><strong>haben</strong></span> <span class='ocrx_word' id='word_1_380' title='bbox 909 3710 959 3761; x_wconf 87' lang='lat' dir='ltr'><strong>wir</strong></span> <span class='ocrx_word' id='word_1_381' title='bbox 976 3708 1040 3760; x_wconf 84' lang='lat' dir='ltr'><strong>auch</strong></span> <span class='ocrx_word' id='word_1_382' title='bbox 1053 3706 1078 3775; x_wconf 85' lang='lat'><strong>1,</strong></span> <span class='ocrx_word' id='word_1_383' title='bbox 1091 3707 1117 3775; x_wconf 86' lang='grc'><strong>6,</strong></span> <span class='ocrx_word' id='word_1_384' title='bbox 1129 3707 1168 3774; x_wconf 83' lang='grc'><strong>3.;</strong></span> 
     </span>
     <span class='ocr_line' id='line_1_40' title="bbox 60 3776 1168 3849; baseline 0.003 -19"><span class='ocrx_word' id='word_1_385' title='bbox 60 3788 113 3830; x_wconf 76' lang='lat' dir='ltr'><strong>,ne</strong></span> <span class='ocrx_word' id='word_1_386' title='bbox 130 3783 182 3830; x_wconf 77' lang='lat' dir='ltr'><strong>aut</strong></span> <span class='ocrx_word' id='word_1_387' title='bbox 199 3806 235 3816; x_wconf 89' lang='lat'><em>-</em></span> <span class='ocrx_word' id='word_1_388' title='bbox 257 3784 309 3831; x_wconf 79' lang='lat' dir='ltr'><strong>aut</strong></span> <span class='ocrx_word' id='word_1_389' title='bbox 326 3779 367 3831; x_wconf 77' lang='lat' dir='ltr'><strong>fur</strong></span> <span class='ocrx_word' id='word_1_390' title='bbox 384 3781 480 3833; x_wconf 79' lang='lat' dir='ltr'><strong>demit</strong></span> <span class='ocrx_word' id='word_1_391' title='bbox 501 3784 610 3834; x_wconf 87' lang='lat' dir='ltr'><strong>weder</strong></span> <span class='ocrx_word' id='word_1_392' title='bbox 637 3786 712 3835; x_wconf 87' lang='lat' dir='ltr'><strong>einen</strong></span> <span class='ocrx_word' id='word_1_393' title='bbox 727 3794 808 3833; x_wconf 85' lang='lat' dir='ltr'><strong>etwas</strong></span> <span class='ocrx_word' id='word_1_394' title='bbox 822 3781 933 3831; x_wconf 84' lang='lat' dir='ltr'><strong>anderen</strong></span> <span class='ocrx_word' id='word_1_395' title='bbox 942 3776 986 3843; x_wconf 79' lang='lat'><strong>27,</strong></span> <span class='ocrx_word' id='word_1_396' title='bbox 998 3777 1023 3830; x_wconf 84' lang='lat'><strong>7.</strong></span> <span class='ocrx_word' id='word_1_397' title='bbox 1032 3776 1056 3830; x_wconf 79' lang='grc'><strong>8.</strong></span> <span class='ocrx_word' id='word_1_398' title='bbox 1066 3781 1168 3849; x_wconf 74' lang='lat' dir='ltr'><strong>gehobt.</strong></span> 
     </span>
     <span class='ocr_line' id='line_1_41' title="bbox 72 3847 1167 3921; baseline 0.005 -23"><span class='ocrx_word' id='word_1_399' title='bbox 72 3875 113 3885; x_wconf 86' lang='lat'><em>-</em></span> <span class='ocrx_word' id='word_1_400' title='bbox 129 3850 216 3900; x_wconf 88' lang='lat' dir='ltr'><strong>noch.</strong></span> <span class='ocrx_word' id='word_1_401' title='bbox 234 3877 270 3886; x_wconf 89' lang='lat'>—</span> <span class='ocrx_word' id='word_1_402' title='bbox 293 3864 378 3919; x_wconf 78' lang='lat' dir='ltr'><strong>quom</strong></span> <span class='ocrx_word' id='word_1_403' title='bbox 397 3864 488 3905; x_wconf 81' lang='lat' dir='ltr'><strong>eausa</strong></span> <span class='ocrx_word' id='word_1_404' title='bbox 503 3858 608 3921; x_wconf 80' lang='lat' dir='ltr'><strong>posto·</strong></span> <span class='ocrx_word' id='word_1_405' title='bbox 688 3851 713 3905; x_wconf 82' lang='lat'><strong>2.</strong></span> <span class='ocrx_word' id='word_1_406' title='bbox 731 3847 884 3916; x_wconf 80' lang='lat' dir='ltr'><strong>modestia]</strong></span> <span class='ocrx_word' id='word_1_407' title='bbox 903 3851 959 3904; x_wconf 84' lang='lat' dir='ltr'><strong>Man</strong></span> <span class='ocrx_word' id='word_1_408' title='bbox 972 3850 1078 3902; x_wconf 83' lang='lat' dir='ltr'><strong>beachte</strong></span> <span class='ocrx_word' id='word_1_409' title='bbox 1089 3852 1167 3917; x_wconf 85' lang='lat' dir='ltr'><strong>wohl,</strong></span> 
     </span>
     <span class='ocr_line' id='line_1_42' title="bbox 70 3917 1166 3994; baseline 0.001 -21"><span class='ocrx_word' id='word_1_410' title='bbox 70 3917 132 3985; x_wconf 82' lang='lat' dir='ltr'><strong>let]</strong></span> <span class='ocrx_word' id='word_1_411' title='bbox 149 3924 242 3975; x_wconf 90' lang='lat' dir='ltr'><strong>seltner</strong></span> <span class='ocrx_word' id='word_1_412' title='bbox 263 3925 300 3976; x_wconf 80' lang='lat' dir='ltr'><strong>als</strong></span> <span class='ocrx_word' id='word_1_413' title='bbox 318 3938 343 3992; x_wconf 81' lang='lat' dir='ltr'><strong>q.</strong></span> <span class='ocrx_word' id='word_1_414' title='bbox 363 3937 410 3976; x_wconf 80' lang='lat' dir='ltr'><strong>res</strong></span> <span class='ocrx_word' id='word_1_415' title='bbox 427 3941 456 3994; x_wconf 87' lang='lat' dir='ltr'><strong>p.</strong></span> <span class='ocrx_word' id='word_1_416' title='bbox 483 3954 519 3963; x_wconf 92' lang='lat'><em>-</em></span> <span class='ocrx_word' id='word_1_417' title='bbox 556 3938 608 3977; x_wconf 83' lang='lat' dir='ltr'><strong>ca·</strong></span> <span class='ocrx_word' id='word_1_418' title='bbox 636 3927 693 3988; x_wconf 78' lang='lat' dir='ltr'><strong>dass</strong></span> <span class='ocrx_word' id='word_1_419' title='bbox 711 3925 763 3978; x_wconf 88' lang='lat' dir='ltr'><strong>Cic.</strong></span> <span class='ocrx_word' id='word_1_420' title='bbox 784 3923 840 3974; x_wconf 89' lang='lat' dir='ltr'><strong>hier</strong></span> <span class='ocrx_word' id='word_1_421' title='bbox 862 3923 907 3974; x_wconf 86' lang='lat' dir='ltr'><strong>mit</strong></span> <span class='ocrx_word' id='word_1_422' title='bbox 918 3922 1095 3980; x_wconf 72' lang='lat' dir='ltr'><strong>,Absiclrtanf</strong></span> <span class='ocrx_word' id='word_1_423' title='bbox 1109 3925 1166 3975; x_wconf 84' lang='lat' dir='ltr'><strong>eine</strong></span> 
     </span>
     <span class='ocr_line' id='line_1_43' title="bbox 70 3991 1228 4067; baseline 0.001 -24"><span class='ocrx_word' id='word_1_424' title='bbox 70 4003 192 4047; x_wconf 72' lang='lat' dir='ltr'><strong>neamus</strong></span> <span class='ocrx_word' id='word_1_425' title='bbox 211 3995 259 4061; x_wconf 78' lang='lat' dir='ltr'><strong>ut]</strong></span> <span class='ocrx_word' id='word_1_426' title='bbox 276 3995 361 4048; x_wconf 81' lang='lat' dir='ltr'><strong>Ueber</strong></span> <span class='ocrx_word' id='word_1_427' title='bbox 379 3998 449 4052; x_wconf 84' lang='lat' dir='ltr'><strong>diese</strong></span> <span class='ocrx_word' id='word_1_428' title='bbox 459 3997 609 4067; x_wconf 82' lang='lat' dir='ltr'><strong>Bedeutung</strong></span> <span class='ocrx_word' id='word_1_429' title='bbox 634 4014 684 4051; x_wconf 77' lang='lat' dir='ltr'><strong>ron</strong></span> <span class='ocrx_word' id='word_1_430' title='bbox 695 3998 740 4048; x_wconf 86' lang='lat' dir='ltr'><strong>der</strong></span> <span class='ocrx_word' id='word_1_431' title='bbox 753 3994 870 4047; x_wconf 79' lang='lat' dir='ltr'><strong>fiblichen</strong></span> <span class='ocrx_word' id='word_1_432' title='bbox 884 3991 1068 4047; x_wconf 86' lang='lat' dir='ltr'><strong>abweiehende</strong></span> <span class='ocrx_word' id='word_1_433' title='bbox 1079 3996 1164 4047; x_wconf 67' lang='lat' dir='ltr'><strong>Weiss</strong></span> <span class='ocrx_word' id='word_1_434' title='bbox 1225 4002 1228 4008; x_wconf 87' lang='lat'>&#39;</span> 
     </span>
    </p>
   </div>
   <div class='ocr_carea' id='block_1_8' title="bbox 957 4091 977 4160">
    <p class='ocr_par' dir='ltr' id='par_1_9' title="bbox 957 4091 977 4160">
     <span class='ocr_line' id='line_1_44' title="bbox 957 4091 977 4160; baseline 0 0"><span class='ocrx_word' id='word_1_435' title='bbox 957 4091 977 4160; x_wconf 84' lang='grc'><strong>9</strong></span> 
     </span>
    </p>
   </div>
   <div class='ocr_carea' id='block_1_9' title="bbox 0 0 1380 4592">
    <p class='ocr_par' dir='ltr' id='par_1_10' title="bbox 0 0 1380 4592">
     <span class='ocr_line' id='line_1_45' title="bbox 0 0 1380 4592; baseline 0 7"><span class='ocrx_word' id='word_1_436' title='bbox 0 0 1380 4592; x_wconf 95' lang='lat' dir='ltr'><strong> </strong></span> 
     </span>
    </p>
   </div>
  </div>
 </body>
</html>
