2750 4592
526 316 663 374 nnm-
695 315 908 380 caexxuu
1177 313 1242 410 291

154 473 283 555 purae
303 473 501 535 emanente
534 474 758 556 poeninen,
778 472 859 555 quor
875 472 973 536 nurse
991 473 1032 534 ret
1052 472 1180 556 purae
1200 475 1283 553 ees
1364 442 1368 454 '

155 573 184 631 id
203 575 336 653 cuiquam
356 574 409 633 civi
429 574 497 685 atqle
514 575 598 669 esse?

520 736 857 830 ¹csrur'muun.
928 753 955 768 ··

151 878 336 982 Pervertunt
355 920 486 979 homines
506 939 554 996 ea,
575 939 650 1000 quae
668 926 736 979 sunt
754 917 939 978 fundamenta
958 922 1088 992 naturae,¹
1106 935 1173 978 eum
1192 916 1279 979 uti-1
1305 913 1309 920 ’

151 1018 258 1077 litatem
279 1016 314 1075 ab
334 1017 483 1078 honestate
504 1020 664 1099 seiungunt.
697 1016 807 1077 Omnes
827 1018 903 1075 enirn
920 1017 1078 1098 expetimus
1097 1015 1244 1076 utilitatem
1265 1081 1276 1099 ,Ι

76 1191 78 1194 Ι
152 1116 189 1174 ad
209 1135 328 1195 eamque
348 1117 484 1195 rapimur,
503 1136 556 1176 nee
575 1119 667 1177 faeere
688 1117 767 1175 aliter
786 1114 845 1173 ullo
865 1113 953 1173 modu
973 1132 1134 1194 possumus.
1167 1113 1280 1173 Nam2

152 1215 215 1293 quis
236 1220 292 1289 est,
318 1215 367 1293 qui
387 1214 465 1273 utilia
484 1216 593 1294 fugiat?
618 1222 668 1274 ant
688 1217 751 1294 quis
771 1214 879 1293 potius,
901 1213 949 1291 qui
968 1231 1002 1271 ea
1021 1230 1081 1270 uon
1094 1212 1243 1272 studiosis·

51 1347 55 1352 ,
151 1312 221 1371 sime
245 1316 456 1393 persequatur?
497 1312 556 1372 Sed
581 1315 648 1393 quia
673 1332 815 1393 nusquam
840 1331 994 1391 possumus
1020 1311 1073 1369 nisi
1096 1311 1126 1370 in
1151 1310 1279 1388 lauded

151 1409 261 1495 decere,
281 1393 430 1476 hirnestate
444 1410 522 1469 utilia
534 1413 671 1490 reperire:
692 1417 844 1491 propterea
863 1409 915 1468 illa·
930 1391 969 1468 et*
978 1410 1071 1490 prima
1090 1416 1119 1468 et
1132 1429 1244 1469 summa
1294 1431 1301 1446 ·

51 1575 55 1582 Ι
150 1505 303 1585 habemus3
324 1507 449 1566 utilitatis
468 1527 574 1566 nomen
593 1529 653 1567 non
673 1514 733 1567 tam
753 1507 931 1588 splendidum
950 1526 1037 1587 quam
1053 1501 1243 1566 necessarium

82 1601 134 1660 102
151 1602 287 1664 ducimus.
331 1603 411 1684 Quid
436 1612 479 1665 est
504 1607 601 1686 igitur,
628 1605 730 1666 dixerit
750 1607 828 1685 quis,
853 1606 883 1664 in
902 1606 963 1665 iure
984 1606 1125 1665 iurando?
1164 1595 1280 1665 Numt

132 1701 254 1778 ,iratum
279 1704 410 1765 timemus
430 1704 550 1764 Iovem?
583 1704 703 1769 Atqhoe
729 1704 844 1785 quidem
868 1722 1019 1763 commune
1045 1710 1088 1763 est
1115 1705 1244 1764 emnium

42 1828 45 1840 =
150 1796 401 1880 philosophorum,
427 1825 486 1863 non
506 1802 729 1880 eorumsmodo⁷
755 1804 804 1882 qui
828 1802 914 1861 deum
933 1801 1001 1861 nihil
1022 1800 1128 1861 habere
1147 1804 1243 1882 ipsum

149 1898 254 1976 negotii
274 1896 382 1976 dieunt,
408 1899 477 1960 amn
497 1900 631 1961 exhibere
652 1902 743 1977 alteri,
769 1900 818 1960 sed
843 1919 944 1959 eorum
964 1900 1061 1975 eriam,
1087 1901 1135 1978 qui
1157 1900 1242 1958 deum

149 2014 263 2077 semper
283 2013 366 2075 agere
386 1998 490 2078 aliquid
510 2006 539 2058 et
557 2001 650 2059 moliri
669 2000 783 2076 volunt,
803 2017 961 2077 numquam
981 2016 1035 2056 nee
1054 1997 1137 2055 irasci
1157 1996 1242 2071 deum
1281 2022 1284 2030 ·

149 2113 202 2153 nee
227 2113 338 2154 nocere.
391 2092 470 2173 Quid
495 2105 590 2157 autem
614 2101 702 2158 iratus
727 2096 854 2178 Iuppiter
878 2097 942 2176 plus
967 2113 1070 2154 nouere
1094 2095 1278 2174 potuissem

112 2206 118 2217 ·
149 2212 238 2273 quam
261 2194 360 2252 nocuit
384 2192 436 2253 sibi
459 2196 520 2273 ipse
539 2193 688 2275 Regulus?
728 2195 815 2255 Nulla
839 2196 922 2275 igitur
947 2196 989 2253 vis
1014 2194 1067 2252 tuit
1090 2192 1240 2271 religionis,

150 2309 223 2369 quae
243 2296 352 2350 tantam
371 2291 518 2351 utilitatem
537 2301 718 2372 perverteret
751 2293 807 2371 Am
828 2314 864 2353 ne
884 2295 1003 2373 turpiter
1022 2292 1149 2351 taceret?
1182 2289 1241 2350 Pri-
1258 2292 1288 2351 6*

149 2407 243 2465 mum,
267 2377 382 2449 lirinima
408 2389 444 2449 de
468 2389 557 2448 malis.
596 2389 675 2449 Num
700 2392 784 2473 igitur
804 2398 915 2462 tantum
925 2391 1002 2480 ‘mali
1021 2389 1167 2471 turpitudo
1187 2391 1262 2456 ista·

204 2560 276 2613 GAP.
295 2560 409 2614 XXVIII.
446 2557 471 2612 3.
491 2556 684 2629 splendidum]
711 2555 858 2615 etmenden
878 2563 989 2615 Gettheit
1007 2563 1137 2633 beselam,
1170 2562 1242 2614 stand

150 2632 177 2684 S.
196 2650 228 2684 zu
246 2632 272 2696 4,
293 2631 334 2684 15.
710 2633 763 2685 also
781 2636 807 2685 in
826 2636 908 2685 dieser
920 2634 1067 2702 Beztehung
1081 2636 1159 2686 sehon
1178 2634 1242 2685 uber

143 2747 149 2764 ,
166 2755 169 2756 γ
201 2702 228 2753 l.
246 2700 354 2755 dixerit
367 2700 448 2771 quis]
467 2702 491 2754 S.
510 2719 543 2754 zu
556 2699 598 2768 19,
612 2701 635 2755 6.
647 2730 682 2740 —
710 2704 756 2755 der
766 2703 1243 2773 lidischenVorstellungsweise.llass

126 2793 128 2799 2
150 2784 294 2825 commune
310 2802 346 2811 —
357 2770 606 2843 philosophorum]
625 2775 682 2843 Vgl.
710 2772 762 2825 Cic.
779 2775 813 2840 11,
832 2767 857 2840 3,
877 2773 908 2824 tt
929 2785 995 2842 sagr:
1014 2770 1091 2827 Deos
1107 2771 1241 2841 placatos

148 2842 169 2908 Ι,
188 2841 213 2908 l,
232 2842 257 2895 2.
276 2871 311 2881 -
329 2859 385 2898 noa
397 2859 496 2898 eorum
508 2842 606 2909 mode]
629 2844 682 2897 Der
705 2840 801 2912 pietas
821 2841 924 2911 efficiet
942 2850 969 2896 et
985 2844 1124 2910 sanctitas
1143 2846 1242 2897 wider·
1267 2861 1270 2868 ¹

148 2915 298 2982 Epikureer.
335 2918 392 2986 Vgt.
409 2919 508 2971 Lueret.
527 2917 548 2983 I,
567 2914 609 2969 57.
628 2933 648 2967 s.
709 2916 803 2983 spricht
834 2917 917 2967 dieser
949 2916 1117 2985 Behauptung
1147 2917 1242 2970 eliense

187 2981 303 3040 Semotu
343 2990 455 3053 (Divum
494 2987 616 3053 natural
646 2983 682 3039 ab
708 2989 810 3055 wenig‚
829 2987 881 3039 wie
898 2988 923 3037 in
942 2988 989 3042 der
1006 2986 1165 3040 chrIstlichen
1183 2988 1241 3039 Ile-

256 3059 364 3114 nostris
388 3057 473 3114 rebus
496 3058 683 3128 seiunctaque
709 3056 871 3127 liqtenslehre
895 3074 947 3112 aus
965 3058 1052 3110 Guttes
1071 3059 1158 3111 Gnade
1176 3059 1241 3112 auch

254 3126 353 3201 Ion903
712 3130 800 3182 Gottes
817 3129 885 3182 ann
903 3129 1032 3199 gelulgert
1049 3131 1155 3182 werden
1177 3129 1239 3183 dari.
1328 3127 1332 3138 '

184 3197 257 3254 Nam
271 3200 599 3272 privatudelereomm',
616 3198 682 3273 pri-
763 3198 788 3252 5.
803 3201 998 3274 pernerteret]
1025 3204 1041 3253 i.
1061 3219 1084 3270 q.
1103 3198 1160 3252 rim
1178 3198 1240 3263 eius
1335 3223 1342 3238 ·

210 3302 214 3310 .
256 3280 325 3327 vata
340 3274 476 3345 periclis,
661 3287 664 3294 '
709 3266 878 3326 debilitaret.
914 3271 1241 3340 DieselbeBedeutungam

183 3339 254 3413 Ipsa
271 3344 333 3400 suis
350 3343 460 3416 pellens
478 3344 593 3418 epibata,
611 3341 683 3399 nibil
702 3342 768 3396 alul.
789 3345 872 3398 dieses
890 3342 951 3413 Gap.
977 3346 1028 3396 und
1047 3343 1113 3396 eben
1131 3343 1152 3409 1,
1171 3341 1198 3409 2,
1216 3342 1248 3408 tt

255 3415 354 3488 indiqu
371 3418 467 3472 nostri
727 3433 735 3465 τ
763 3414 788 3468 d.
805 3412 931 3468 Primum
949 3443 982 3453 -
1001 3410 1100 3479 mulis]
1129 3415 1240 3467 Primum

182 3482 241 3540 Nee
264 3483 332 3542 tene
351 3506 407 3559 pro
432 3488 542 3544 meritis
567 3486 681 3557 capitur
708 3488 758 3539 hoc
776 3496 885 3553 constat,
908 3488 1018 3539 emnium
1036 3485 1240 3554 philosopherum

253 3574 307 3613 aec
325 3562 454 3633 tuteqitur
471 3561 528 3615 ira.
551 3561 580 3612 Il.
708 3569 872 3627 praeceptum
887 3575 953 3624 esse,
970 3555 1086 3614 minima
1103 3555 1138 3610 de
1155 3552 1240 3610 malis

85 3673 95 3688 Ι
146 3627 249 3683 —sed
266 3644 365 3686 eorum
384 3632 485 3700 ettam}
503 3634 555 3684 Der
572 3632 681 3686 Stoiker.
707 3628 852 3683 sumenda.
875 3629 1060 3699 IteusInger.
1080 3625 1239 3697 Vgt.29‚10.

146 3701 177 3754 Ι).
195 3730 231 3739 -
248 3718 393 3774 nunquam
412 3718 464 3759 uec
480 3704 595 3769 -rrecJ
623 3702 679 3772 Vgl.
707 3723 743 3737 -·-
760 3696 887 3766 habebit]
914 3702 945 3753 ist
972 3702 1018 3752 der
1044 3700 1240 3770 gewdhnliehen

146 3771 231 3840 ΗΟ,
250 3772 273 3828 1.
291 3805 329 3816 -
365 3778 450 3831 Ueber
472 3778 523 3829 den
542 3774 681 3827 Gedanlren
707 3772 794 3826 Lesart
816 3766 934 3824 debedat
956 3772 1141 3837 verzuziehen‚
1177 3771 1240 3825 weil

89 3879 98 3892 .
146 3846 199 3914 vgl.
216 3849 283 3901 nach
301 3846 345 3915 29,
359 3846 392 3913 43
411 3850 453 3902 die
470 3848 611 3918 gereinigte
623 3845 680 3897 Au-
709 3842 761 3896 Cic.
780 3843 847 3895 nieht
861 3843 969 3908 vender
984 3840 1130 3912 turpitudo
1144 3843 1180 3895 als
1198 3844 1238 3896 ei·

148 3916 279 3990 schauung
302 3921 348 3972 der
375 3920 542 3973 heidnisctren
563 3916 679 3970 Philose·
708 3930 756 3966 ner
773 3913 1002 3983 stattgelundenen‚
1016 3914 1124 3967 eundern
1141 3930 1189 3965 nur
1201 3907 1239 3964 als

147 3985 207 4055 plrie
223 3988 294 4044 hatte
308 3993 349 4045 die
361 3991 525 4062 Vorstellung
542 4005 592 4044 von
610 3990 682 4041 einer
709 3987 781 4038 einer
790 3993 1014 4055 vamusgesetzten
1025 3985 1149 4054 spreehen
1161 3985 1238 4040 kann.

995 4054 1067 4148 s·
