2750 4592
198 269 265 341 253
590 303 593 310 .
630 267 682 324 ur
699 267 873 324 osricus
894 303 897 310 .

143 425 147 436 ’
161 433 181 498 2
198 423 357 504 Romanus,
376 447 431 489 nee
449 430 588 488 inissetis
601 433 632 486 et
644 423 713 486 satis
725 424 862 502 literatus,
881 443 949 486 eum
961 422 993 486 'se
1006 425 1173 507 Syraeusas·
1180 430 1324 506 otiandi,

197 523 232 590 ut
249 530 311 609 ip‘se
332 527 426 587 ffioere
445 521 563 601 solebat,
583 543 643 584 uon
662 525 825 605 negotiandi
843 543 930 586 eausa
939 527 1120 586 oonmbsset:
1141 525 1322 605 meabat,

196 621 229 686 re
253 619 385 685 hortulos
409 624 521 704 sliquos
546 619 641 682 emere
665 622 751 696 velle,
776 641 836 701 quo
860 625 978 684 invitare
1004 626 1110 684 amieos
1134 631 1163 683 et
1189 623 1250 684 ubi
1284 644 1321 685 se

161 726 340 787 bobleetare
366 725 427 784 sine
452 717 707 802 interpellatoribus
732 726 838 799 posset.
880 719 970 800 Quod
993 741 1060 781 eum
1080 721 1320 804 percrebuisset,

197 817 319 906 Pythius
339 826 366 884 ei
380 821 505 903 quidam,
525 819 575 900 qui
588 818 777 898 argentoriam
789 815 895 879 iaeeret
908 809 1066 899 Syraemis,
1084 817 1213 880 uenales
1228 820 1317 899 qui·

198 922 266 985 ter
285 939 320 982 se
340 919 452 982 tortos
470 933 535 978 non
555 914 681 989 babere,
702 915 758 976 sed
778 916 872 978 licere
888 917 939 977 uti
954 913 1066 993 Cordo,
1087 915 1247 991 similet,
1275 923 1315 979 ut

198 1020 284 1092 strix
304 1026 333 1080 et
351 1017 435 1077 simul
455 1014 492 1074 ad
511 1029 631 1074 coenam
646 1013 795 1087 bominem
807 1017 837 1074 iu
849 1015 950 1075 hortos
963 1016 1091 1076 invitavit
1102 1016 1133 1075 in
1146 1021 1313 1096 posterum

161 1124 182 1186 4
199 1119 283 1179 (dene
318 1116 394 1175 Cum
407 1115 452 1174 ille
465 1113 650 1194 promisisset,
669 1119 733 1172 tum
746 1112 876 1192 Pythius,
897 1116 946 1195 qui
959 1120 1043 1190 esset⁷
1063 1120 1096 1172 ut
1109 1115 1311 1198 argenisdus,

121 1281 127 1290 ,
199 1216 278 1298 apud
297 1233 397 1273 omues
418 1212 531 1271 ordines
552 1211 702 1292 gratiosus,
721 1213 877 1293 piscatores
898 1211 934 1271 ad
954 1232 985 1273 se
1005 1213 1185 1288 convocavit,
1213 1218 1246 1271 et
1269 1212 1309 1271 ab

198 1312 243 1374 bis
263 1311 375 1393 petivit,
399 1315 433 1368 ut
457 1316 522 1369 ante
546 1330 614 1368 suos
636 1309 768 1369 hortulos
788 1309 924 1391 postridie
942 1312 1133 1392 piscarenbu3
1160 1310 1307 1391 dixitque,

161 1394 268 1492 bquid
287 1430 337 1470 eos
357 1395 449 1468 faeere
467 1407 559 1467 vellet
593 1406 639 1467 Ad
657 1427 780 1468 eoenam
799 1410 1020 1494 tempore'venit
1033 1407 1155 1484 Canius3
1177 1409 1307 1489 opipare

199 1509 336 1589 aPythio
358 1511 527 1587 apparatum
548 1507 719 1582 convivimu
740 1505 910 1586 cymbarum
930 1512 995 1566 ante
1016 1506 1114 1566 oeulos
1134 1506 1304 1583 multitudo,

196 1628 252 1690 pro
273 1628 303 1668 se
324 1610 459 1686 quisque,
479 1605 558 1685 quod
577 1611 706 1686 ceperat,
727 1603 873 1683 afferebat,
894 1611 959 1665 ante
979 1605 1068 1686 pedes
1086 1603 1183 1684 Pythii
1203 1606 1302 1684 pisces
1356 1615 1357 1630 ¹

197 1704 407 1765 obiciebantur.
438 1703 515 1763 Tum
529 1701 646 1779 Canius
662 1700 797 1777 Quaeso,
817 1704 919 1784 inquit,
939 1701 1014 1794 quid
1030 1709 1077 1763 est
1091 1698 1163 1775 ltoe,
1178 1700 1302 1781 Pythi?
1316 1709 1337 1763 ti

197 1809 359 1866 tantamne
372 1800 514 1881 piscium,
539 1786 698 1861 tantumne
711 1798 913 1884 cymbarum?
932 1799 970 1859 Et
989 1800 1044 1877 ille,
1067 1796 1149 1872 Quid
1160 1799 1301 1861 mrum?

197 1903 305 1983 iuquit3
339 1899 399 1962 boe
425 1898 494 1959 loeo
521 1904 584 1972 est,
615 1897 782 1978 Syracusis
813 1896 962 1978 quidquid
990 1902 1038 1960 est
1058 1896 1212 1976 piscium
1246 1896 1301 1960 bie

161 2003 181 2065 6
199 1999 329 2080 equatio
334 2042 346 2073 ,
373 1995 435 2058 beo
458 1995 537 2057 oilla
559 1995 616 2057 isti
635 2013 744 2057 earere
763 2012 827 2057 noa
843 2000 988 2076 possunt.
1029 1994 1166 2056 incensus
1188 1995 1300 2057 Canius

199 2160 305 2226 tatem]
322 2161 415 2213 Feiner
432 2160 485 2213 uud
501 2169 584 2213 saner
595 2157 637 2212 hir
653 2171 735 2213 mert-
760 2159 817 2213 falls
835 2160 935 2214 wieder
945 2172 977 2212 se
987 2164 1136 2212 venturum
1149 2172 1214 2212 esse
1233 2177 1297 2213 aas

199 2229 343 2285 decidi).
781 2231 879 2284 elassen
906 2230 1007 2284 deniers
1034 2247 1112 2285 muss.
1147 2232 1204 2301 Vgl.
1232 2231 1296 2284 Plin.

252 2301 278 2356 2.
307 2298 519 2369 resisteretur
544 2306 572 2353 et
590 2298 664 2354 sotis
683 2297 735 2352 lit·
761 2246 841 2370 lpist.
859 2302 880 2368 1,
891 2300 932 2354 15.
950 2297 1028 2354 Heus
1048 2307 1088 2366 tu,
1106 2299 1296 2371 promittis

198 2372 328 2436 matus]
347 2372 575 2435 „Einblannnicbt
587 2374 655 2424 ohne
667 2373 735 2425 witz
762 2371 807 2425 ad
823 2386 980 2438 coenam,
998 2383 1051 2425 nee
1073 2369 1175 2426 venis?
1199 2373 1297 2426 Pleu.

197 2444 250 2495 und
267 2458 319 2496 rou
338 2443 435 2511 einiger
453 2442 586 2511 gelehrten
598 2442 736 2510 Bildung.“
761 2444 824 2497 Fab.
835 2445 880 2510 lv,
892 2442 937 2509 24,
951 2441 991 2497 15.
1022 2442 1061 2497 ad
1072 2458 1211 2498 coenam
1222 2442 1297 2498 milti

198 2514 257 2584 Vgi.
276 2514 339 2565 uber
357 2509 431 2565 setis
449 2513 483 2579 ΙΙ,
500 2510 545 2577 25,
564 2510 588 2564 5,
607 2539 644 2549 -
662 2510 734 2565 bor·
758 2512 905 2583 promitte.
922 2514 952 2567 D.

200 2582 275 2639 tulos
295 2580 424 2707 aliptes]
443 2585 507 2650 „lim
525 2584 735 2653 Landgfitchen“;
814 2585 839 2640 5.
860 2588 1002 2656 tempore]
1020 2587 1076 2656 Vgl.
1094 2588 1197 2656 Zumpts
1208 2587 1249 2640 Gr.
1269 2589 1292 2653 ὃ

201 2658 268 2709 deun
294 2657 312 2719 ὃ
356 2665 460 2708 ,neunt
483 2672 511 2707 er
534 2656 604 2706 disse
626 2652 734 2708 bortelr‘
760 2654 823 2724 475,
841 2658 916 2711 dnm.
934 2688 970 2697 -
995 2656 1131 2728 opipare]
1158 2661 1216 2712 Eius
1238 2676 1292 2714 von

201 2729 267 2781 auch
285 2723 362 2782 villa.
381 2727 412 2779 D.
431 2728 488 2797 Vgl.
497 2727 602 2793 Zumpts
613 2727 680 2790 Gr.§
691 2725 732 2780 96.
761 2730 810 2782 deu
821 2733 941 2799 wenigen
953 2747 998 2784 aus
1010 2730 1230 2799 Begriiiswtrtern
1241 2748 1291 2783 su-

255 2796 279 2850 3.
298 2796 348 2868 qui
369 2825 405 2836 -
426 2796 556 2866 feceret]
582 2797 636 2850 Der
663 2798 734 2851 Cou-
761 2811 1007 2872 sammeugesetzteu
1029 2802 1149 2854 Wortern
1172 2804 1217 2855 der
1238 2803 1291 2856 lat

200 2869 298 2937 junctiv
315 2873 347 2921 ist
363 2870 420 2920 hier
436 2871 505 2922 nicht
523 2886 588 2939 ganz
607 2870 683 2923 leicbt
702 2888 734 2923 zu
760 2871 882 2940 Sprache.
927 2873 974 2925 Die
997 2873 1077 2924 ditare
1095 2873 1218 2925 Liberatus
1234 2890 1291 2927 war

201 2941 334 3002 erkiirem
347 2941 480 2992 entweder
490 2942 555 2993 wird
566 2941 678 2993 dadureh
692 2943 734 2994 die
761 2945 839 3004 daran
848 2945 961 3008 reicher3
971 2944 1020 2996 wir
1032 2945 1118 2997 finden
1131 2945 1289 3001 diesesWort

200 3012 305 3065 relative
317 3011 490 3081 Bestimmung
501 3012 734 3081 verallgemeinert,
759 3032 847 3068 ausser
864 3015 954 3068 Cicero
977 3031 1024 3066 nur
1041 3014 1108 3066 noch
1131 3014 1173 3067 bei
1189 3015 1289 3070 Plautus

201 3084 264 3135 oder
282 3084 319 3135 sie
337 3084 368 3134 ist
386 3084 471 3134 causei
489 3083 663 3151 rolleboise,
681 3087 733 3137 wie
760 3088 812 3138 und
831 3088 889 3139 dem
907 3093 1026 3154 sptteren
1043 3085 1287 3156 Altertbumlerdp-

200 3155 219 3218 ὓ
237 3152 264 3206 4.
282 3150 332 3222 qui
350 3158 427 3206 esset
443 3182 479 3191 —
495 3151 660 3223 pretiosus,
679 3157 733 3208 also
758 3157 864 3224 puleius.
900 3157 1194 3226 Zusummsrgesetztist
1206 3176 1285 3213 esau

198 3225 251 3293 „da
269 3242 297 3277 er
310 3225 373 3278 Geld
393 3225 507 3279 eschilte
523 3226 616 3293 trieb“‚
633 3244 662 3280 so
675 3229 733 3279 dass
759 3241 812 3296 ops
830 3228 882 3280 und
897 3241 983 3297 pero.
1027 3228 1117 3280 Festus
1134 3246 1159 3296 p.
1180 3226 1229 3282 188
1247 3232 1283 3284 ed

198 3298 244 3349 mit
263 3298 349 3349 diesen
396 3307 468 3350 orteu
487 3297 566 3348 sehon
586 3300 632 3350 der
649 3298 732 3349 beab-
757 3299 879 3351 Miller:
912 3296 1105 3369 Opt’parttm
1121 3313 1283 3369 mapparum

200 3368 318 3438 sichtigte
334 3368 433 3439 Betrug
461 3368 609 3439 eingeleitet
631 3370 731 3423 werde.
758 3366 906 3439 copiarum
924 3376 1106 3440 apparatum.
1275 3403 1278 3414 ·
1351 3409 1352 3414 =

198 3439 256 3509 vgt.
276 3441 351 3491 verr.
363 3441 419 3492 Act.
436 3437 461 3491 2.
479 3440 500 3506 1,
512 3437 556 3506 25,
570 3436 611 3492 64.
629 3435 732 3506 Homo,
812 3439 836 3493 6.
854 3440 990 3510 aquatio]
1007 3441 1144 3512 eigentiieh
1157 3444 1282 3497 undsonst

199 3507 260 3581 qui
277 3523 389 3581 semper
405 3508 647 3581 hospitalissimus
665 3510 733 3564 eei-
757 3513 848 3566 immor
865 3516 929 3580 „das
947 3512 1157 3581 Wasserboleu“‚
1183 3531 1227 3566 nur
1251 3532 1281 3568 uu

175 3607 176 3614 .
198 3580 333 3635 elimatus
352 3588 464 3648 esset,
483 3579 575 3636 soluit
591 3580 685 3634 rideri
696 3613 732 3622 —
758 3587 842 3637 dieser
851 3585 928 3638 stelle
946 3588 1012 3652 „der
1029 3584 1074 3637 Ort
1092 3601 1136 3639 wo
1150 3587 1195 3638 das
1209 3587 1280 3640 War-

197 3650 305 3706 r‘aritus
325 3651 355 3705 io
366 3652 476 3707 dmum
486 3667 568 3706 suam
577 3652 732 3724 recepisse.
756 3672 799 3708 ser
807 3657 995 3727 geholtwird.“
1004 3684 1022 3697 -
1030 3653 1098 3722 isti]
1109 3659 1142 3709 ist
1154 3657 1208 3708 hier
1217 3660 1280 3712 nieht

197 3743 235 3761 ·—=
256 3722 470 3794 arpenteriemj
497 3725 612 3790 Nimiirh
639 3739 730 3796 sepo·
756 3728 803 3780 aui
827 3731 867 3782 die
897 3729 948 3781 ihm
979 3737 1048 3782 ronst
1075 3728 1280 3798 eigentlruulicire

196 3790 352 3851 tiatiorsem.
370 3798 401 3849 D.
420 3797 494 3862 [oder
510 3796 622 3862 artem]
755 3800 842 3853 Weiss
859 3800 1011 3870 gebraucht‚
1030 3800 1140 3853 sondern
1158 3799 1279 3853 sebircht-

252 3864 279 3917 4.
297 3862 365 3917 Cum
378 3863 425 3919 itte
436 3864 635 3937 promisisset]
651 3876 729 3923 natm-
755 3870 798 3923 hin
822 3872 964 3924 Pronomen
994 3874 1041 3925 der
1068 3871 1157 3924 dritten
1183 3870 1278 3925 Person

198 3929 250 3984 iicb
262 3931 301 3986 ad
312 3946 436 4008 coenam,
453 3954 567 3992 woman
580 3939 728 3995 sicheben-
753 3942 788 3999 So
806 3944 871 3998 auch
890 3940 933 4011 16,
950 3941 994 3998 ii.
1012 3970 1049 3984 ·-
1066 3939 1221 4010 conteruit]
1236 3942 1278 3999 biit
